
<record>
  <leader>01581cam a22003137i 4500</leader>
  <controlfield tag="001">19162585</controlfield>
  <controlfield tag="005">20200103121200.0</controlfield>
  <controlfield tag="008">160524s2015    is            000 0 hebo </controlfield>
  <datafield tag="906" ind1=" " ind2=" ">
    <subfield code="a">0</subfield>
    <subfield code="b">ibc</subfield>
    <subfield code="c">orignew</subfield>
    <subfield code="d">3</subfield>
    <subfield code="e">ncip</subfield>
    <subfield code="f">20</subfield>
    <subfield code="g">y-gencatlg</subfield>
  </datafield>
  <datafield tag="925" ind1="1" ind2=" ">
    <subfield code="a">acquire</subfield>
    <subfield code="b">1 shelf copy</subfield>
    <subfield code="x">policy default</subfield>
  </datafield>
  <datafield tag="955" ind1=" " ind2=" ">
    <subfield code="b">cd20 2017-05-24 added LCCN and items and holdings;</subfield>
    <subfield code="u">cd22 2017-07-03 added 925</subfield>
    <subfield code="a">cd00 2017-07-03 to ASME/IJ</subfield>
  </datafield>
  <datafield tag="010" ind1=" " ind2=" ">
    <subfield code="a">  2016518897</subfield>
  </datafield>
  <datafield tag="035" ind1=" " ind2=" ">
    <subfield code="a">(IsJeAIW)wb2016414568</subfield>
  </datafield>
  <datafield tag="040" ind1=" " ind2=" ">
    <subfield code="a">DLC</subfield>
    <subfield code="b">eng</subfield>
    <subfield code="c">DLC</subfield>
    <subfield code="e">rda</subfield>
  </datafield>
  <datafield tag="066" ind1=" " ind2=" ">
    <subfield code="c">(2</subfield>
  </datafield>
  <datafield tag="245" ind1="0" ind2="0">
    <subfield code="6">880-01</subfield>
    <subfield code="a">Hilula de-Rashbi /</subfield>
    <subfield code="c">neʼerakh ʻal-yede: Yeshaʻaiah Asher Zelig Margaliot ʻim hosafot ḥadashot al-yede: Shelomoh Eliʻezer Margaliot.</subfield>
  </datafield>
  <datafield tag="880" ind1="0" ind2="0">
    <subfield code="6">245-01/(2/r</subfield>
    <subfield code="a">הילולא דרשב״י :</subfield>
    <subfield code="b">בו יבואר ויתנה תקף קדשת עז שמחת אור היום ... /</subfield>
    <subfield code="c">נערך ע״י ישעיה אשר זליג מרגליות ... עם הוספות חדשות ע״י שלמה אלעזר מרגליות ....</subfield>
  </datafield>
  <datafield tag="250" ind1=" " ind2=" ">
    <subfield code="6">880-02</subfield>
    <subfield code="a">Mahad. ḥadashah ʻim hosafot.</subfield>
  </datafield>
  <datafield tag="880" ind1=" " ind2=" ">
    <subfield code="6">250-02/(2/r</subfield>
    <subfield code="a">חדשה עם הוספות מנקדת.</subfield>
  </datafield>
  <datafield tag="264" ind1=" " ind2="1">
    <subfield code="6">880-03</subfield>
    <subfield code="a">Yerushalayim :</subfield>
    <subfield code="b">Sh. ben m. ha-R. Sh. E. Margaliyot,</subfield>
    <subfield code="c">776 [2015 or 2016]</subfield>
  </datafield>
  <datafield tag="300" ind1=" " ind2=" ">
    <subfield code="a">[113], 180 pages :</subfield>
    <subfield code="b">illustrations ;</subfield>
    <subfield code="c">17 cm</subfield>
  </datafield>
  <datafield tag="336" ind1=" " ind2=" ">
    <subfield code="a">text</subfield>
    <subfield code="2">rdacontent</subfield>
  </datafield>
  <datafield tag="337" ind1=" " ind2=" ">
    <subfield code="a">unmediated</subfield>
    <subfield code="2">rdamedia</subfield>
  </datafield>
  <datafield tag="338" ind1=" " ind2=" ">
    <subfield code="a">volume</subfield>
    <subfield code="2">rdacarrier</subfield>
  </datafield>
  <datafield tag="520" ind1=" " ind2=" ">
    <subfield code="a">bo yevoʼar ṿe-yitaneh toḳef ḳedushat ʻoz śimḥat or ha-yom yom orah yom yeshuʻot.</subfield>
  </datafield>
  <datafield tag="700" ind1="1" ind2=" ">
    <subfield code="a">Margaliyot, Yeshaʻy. Asher Zelig.</subfield>
  </datafield>
  <datafield tag="700" ind1="1" ind2=" ">
    <subfield code="a">Margaliyot, Shelomoh Eliʻezer.</subfield>
  </datafield>
  <datafield tag="752" ind1=" " ind2=" ">
    <subfield code="a">Israel</subfield>
    <subfield code="d">Jerusalem.</subfield>
  </datafield>
  <datafield tag="923" ind1=" " ind2=" ">
    <subfield code="d">20160606</subfield>
    <subfield code="n">28072</subfield>
  </datafield>
</record>