
<record>
  <leader>01954cam a22003497i 4500</leader>
  <controlfield tag="001">19162601</controlfield>
  <controlfield tag="005">20200103121200.0</controlfield>
  <controlfield tag="008">160531s2015    is a   j      000 0 heb  </controlfield>
  <datafield tag="906" ind1=" " ind2=" ">
    <subfield code="a">7</subfield>
    <subfield code="b">cbc</subfield>
    <subfield code="c">orignew</subfield>
    <subfield code="d">2</subfield>
    <subfield code="e">ncip</subfield>
    <subfield code="f">20</subfield>
    <subfield code="g">y-nonroman</subfield>
  </datafield>
  <datafield tag="925" ind1="0" ind2=" ">
    <subfield code="a">acquire</subfield>
    <subfield code="b">1 shelf copy</subfield>
    <subfield code="x">policy default</subfield>
  </datafield>
  <datafield tag="955" ind1=" " ind2=" ">
    <subfield code="b">cd06 2016-11-28 to the shelves ;</subfield>
    <subfield code="i">cd06 2018-01-23 to Hebraic Section</subfield>
  </datafield>
  <datafield tag="010" ind1=" " ind2=" ">
    <subfield code="a">  2016480841</subfield>
  </datafield>
  <datafield tag="035" ind1=" " ind2=" ">
    <subfield code="a">(IsJeAIW)wb2016414713</subfield>
  </datafield>
  <datafield tag="040" ind1=" " ind2=" ">
    <subfield code="a">DLC</subfield>
    <subfield code="b">eng</subfield>
    <subfield code="e">rda</subfield>
    <subfield code="c">DLC</subfield>
  </datafield>
  <datafield tag="050" ind1="0" ind2="0">
    <subfield code="a">BM506.S27</subfield>
    <subfield code="b">O335 2015</subfield>
  </datafield>
  <datafield tag="066" ind1=" " ind2=" ">
    <subfield code="c">(2</subfield>
  </datafield>
  <datafield tag="100" ind1="1" ind2=" ">
    <subfield code="6">880-01</subfield>
    <subfield code="a">Oḥayon, Avraham,</subfield>
    <subfield code="e">author.</subfield>
  </datafield>
  <datafield tag="880" ind1="1" ind2=" ">
    <subfield code="6">100-01/(2/r‏</subfield>
    <subfield code="a">‏אוחיון, אברהם.</subfield>
  </datafield>
  <datafield tag="245" ind1="1" ind2="0">
    <subfield code="6">880-02</subfield>
    <subfield code="a">Agadata ḳomiḳs :</subfield>
    <subfield code="b">maʻaśiyot ha-Talmud ha-Bavli mi-Masekhet Shabat : melaṿim be-tsiyure ḳomiḳs meshoveve ʻayin, mushkaʻim, otenṭiyim ṿe-ḳolḥim ha-mamḥishim et maʻase ha-Tanaʼim ṿeha-Amoraʼim /</subfield>
    <subfield code="c">ha-Rav Avraham Oḥayon ; tsiyurim Devorah Ḳoṭovsḳi.</subfield>
  </datafield>
  <datafield tag="880" ind1="1" ind2="0">
    <subfield code="6">245-02/(2/r‏</subfield>
    <subfield code="a">‏אגדתא קומיקס :‏</subfield>
    <subfield code="b">‏מעשיות התלמוד הבבלי ממסכת שבת : מלווים בציורי קומיקס משובבי עין, מושקעים, אותנטיים וקולחים הממחישים את מעשי התנאים והאמוראים /‏</subfield>
    <subfield code="c">‏הרב אברהם אוחיון ; ציורים דבורה קוטובסקי.</subfield>
  </datafield>
  <datafield tag="264" ind1=" " ind2="1">
    <subfield code="6">880-03</subfield>
    <subfield code="a">[Israel] :</subfield>
    <subfield code="b">Sifre Maʼor Yiśraʼel,</subfield>
    <subfield code="c">Rosh Ḥodesh Iyar 775 [2015]</subfield>
  </datafield>
  <datafield tag="880" ind1=" " ind2="1">
    <subfield code="6">264-03/(2/r‏</subfield>
    <subfield code="a">‏[Israel] :‏</subfield>
    <subfield code="b">‏ספרי מאור ישראל,‏</subfield>
    <subfield code="c">ר&quot;ח אייר התשע&quot;ה.</subfield>
  </datafield>
  <datafield tag="300" ind1=" " ind2=" ">
    <subfield code="a">51 pages :</subfield>
    <subfield code="b">color illustrations ;</subfield>
    <subfield code="c">34 cm</subfield>
  </datafield>
  <datafield tag="336" ind1=" " ind2=" ">
    <subfield code="a">text</subfield>
    <subfield code="2">rdacontent</subfield>
  </datafield>
  <datafield tag="337" ind1=" " ind2=" ">
    <subfield code="a">unmediated</subfield>
    <subfield code="2">rdamedia</subfield>
  </datafield>
  <datafield tag="338" ind1=" " ind2=" ">
    <subfield code="a">volume</subfield>
    <subfield code="2">rdacarrier</subfield>
  </datafield>
  <datafield tag="630" ind1="0" ind2="0">
    <subfield code="a">Talmud.</subfield>
    <subfield code="p">Sabbath</subfield>
    <subfield code="v">Comic books, strips, etc</subfield>
  </datafield>
  <datafield tag="630" ind1="0" ind2="0">
    <subfield code="a">Talmud.</subfield>
    <subfield code="p">Sabbath</subfield>
    <subfield code="v">Juvenile literature.</subfield>
  </datafield>
  <datafield tag="700" ind1="1" ind2=" ">
    <subfield code="6">880-04</subfield>
    <subfield code="a">Ḳoṭovsḳi, Devorah,</subfield>
    <subfield code="e">illustrator.</subfield>
  </datafield>
  <datafield tag="880" ind1="1" ind2=" ">
    <subfield code="6">700-04/(2/r‏</subfield>
    <subfield code="a">‏קוטובסקי, דבורה.</subfield>
  </datafield>
  <datafield tag="923" ind1=" " ind2=" ">
    <subfield code="d">20160609</subfield>
    <subfield code="n">28090</subfield>
  </datafield>
  <datafield tag="985" ind1=" " ind2=" ">
    <subfield code="e">VENDOR LOAD</subfield>
  </datafield>
</record>