
<record>
  <leader>01439cam a22003497i 4500</leader>
  <controlfield tag="001">19162641</controlfield>
  <controlfield tag="005">20200103150738.0</controlfield>
  <controlfield tag="008">160608s2016    is            000 0 heb  </controlfield>
  <datafield tag="906" ind1=" " ind2=" ">
    <subfield code="a">7</subfield>
    <subfield code="b">cbc</subfield>
    <subfield code="c">orignew</subfield>
    <subfield code="d">3</subfield>
    <subfield code="e">ncip</subfield>
    <subfield code="f">20</subfield>
    <subfield code="g">y-nonroman</subfield>
  </datafield>
  <datafield tag="925" ind1="0" ind2=" ">
    <subfield code="a">acquire</subfield>
    <subfield code="b">1 shelf copy</subfield>
    <subfield code="x">policy default</subfield>
  </datafield>
  <datafield tag="955" ind1=" " ind2=" ">
    <subfield code="b">cd23 2016-09-13 to cd00 shelves</subfield>
    <subfield code="a">cd00 2016-09-13 to ASME/IJ</subfield>
    <subfield code="i">cd04 2019-03-01 telework</subfield>
    <subfield code="e">cd04 2019-03-04 to Hebraic section</subfield>
  </datafield>
  <datafield tag="010" ind1=" " ind2=" ">
    <subfield code="a">  2016452683</subfield>
  </datafield>
  <datafield tag="024" ind1="7" ind2=" ">
    <subfield code="a">129200000013</subfield>
    <subfield code="2">danacode</subfield>
  </datafield>
  <datafield tag="035" ind1=" " ind2=" ">
    <subfield code="a">(IsJeAIW)wb2016414837</subfield>
  </datafield>
  <datafield tag="040" ind1=" " ind2=" ">
    <subfield code="a">DLC</subfield>
    <subfield code="b">eng</subfield>
    <subfield code="c">DLC</subfield>
    <subfield code="e">rda</subfield>
  </datafield>
  <datafield tag="066" ind1=" " ind2=" ">
    <subfield code="c">(2</subfield>
  </datafield>
  <datafield tag="050" ind1="0" ind2="0">
    <subfield code="a">BF637.S4</subfield>
    <subfield code="b">S5128 2016</subfield>
  </datafield>
  <datafield tag="100" ind1="1" ind2=" ">
    <subfield code="6">880-01</subfield>
    <subfield code="a">Sharon, Moshe,</subfield>
    <subfield code="e">author.</subfield>
  </datafield>
  <datafield tag="880" ind1="1" ind2=" ">
    <subfield code="6">100-01/(2/r</subfield>
    <subfield code="a">שרון, משה.</subfield>
  </datafield>
  <datafield tag="245" ind1="1" ind2="3">
    <subfield code="6">880-02</subfield>
    <subfield code="a">ha-ʻOlam lo yakhol lehitḳayem bilʻadekha =</subfield>
    <subfield code="b">World can&apos;t exist without you /</subfield>
    <subfield code="c">Mosheh Sharon.</subfield>
  </datafield>
  <datafield tag="880" ind1="1" ind2="1">
    <subfield code="6">245-02/(2/r</subfield>
    <subfield code="a">העולם לא יכול להתקיים בלעדיך =</subfield>
    <subfield code="b">World can&apos;t exist without you /</subfield>
    <subfield code="c">משה שרון.</subfield>
  </datafield>
  <datafield tag="246" ind1="3" ind2="1">
    <subfield code="a">World can&apos;t exist without you</subfield>
  </datafield>
  <datafield tag="264" ind1=" " ind2="1">
    <subfield code="6">880-03</subfield>
    <subfield code="a">Karkur :</subfield>
    <subfield code="b">Sefer tov,</subfield>
    <subfield code="c">[2016]</subfield>
  </datafield>
  <datafield tag="880" ind1=" " ind2="1">
    <subfield code="6">264-03/(2/r</subfield>
    <subfield code="a">כרכור :</subfield>
    <subfield code="b">ספר טוב,</subfield>
    <subfield code="c">[‏2016]</subfield>
  </datafield>
  <datafield tag="300" ind1=" " ind2=" ">
    <subfield code="a">182 pages ;</subfield>
    <subfield code="c">22 cm.</subfield>
  </datafield>
  <datafield tag="336" ind1=" " ind2=" ">
    <subfield code="a">text</subfield>
    <subfield code="2">rdacontent</subfield>
  </datafield>
  <datafield tag="337" ind1=" " ind2=" ">
    <subfield code="a">unmediated</subfield>
    <subfield code="2">rdamedia</subfield>
  </datafield>
  <datafield tag="338" ind1=" " ind2=" ">
    <subfield code="a">volume</subfield>
    <subfield code="2">rdacarrier</subfield>
  </datafield>
  <datafield tag="500" ind1=" " ind2=" ">
    <subfield code="a">&quot;Yahadut, madrikh maʻaśi&quot;--Cover</subfield>
  </datafield>
  <datafield tag="650" ind1=" " ind2="0">
    <subfield code="a">Self-realization</subfield>
    <subfield code="x">Religious aspects</subfield>
    <subfield code="x">Judaism.</subfield>
  </datafield>
  <datafield tag="650" ind1=" " ind2="0">
    <subfield code="a">Personal coaching</subfield>
    <subfield code="x">Religious aspects</subfield>
    <subfield code="x">Judaism.</subfield>
  </datafield>
  <datafield tag="985" ind1=" " ind2=" ">
    <subfield code="e">VENDOR LOAD</subfield>
  </datafield>
</record>