
<record>
  <leader>03739cam a22004457i 4500</leader>
  <controlfield tag="001">19163989</controlfield>
  <controlfield tag="005">20200103121200.0</controlfield>
  <controlfield tag="008">141030s2015    be af    b    001 0 eng c</controlfield>
  <datafield tag="906" ind1=" " ind2=" ">
    <subfield code="a">7</subfield>
    <subfield code="b">cbc</subfield>
    <subfield code="c">pccadap</subfield>
    <subfield code="d">2</subfield>
    <subfield code="e">ncip</subfield>
    <subfield code="f">20</subfield>
    <subfield code="g">y-gencatlg</subfield>
  </datafield>
  <datafield tag="925" ind1="0" ind2=" ">
    <subfield code="a">acquire</subfield>
    <subfield code="b">1 shelf copy</subfield>
    <subfield code="x">policy default</subfield>
  </datafield>
  <datafield tag="955" ind1=" " ind2=" ">
    <subfield code="a">vk00 2016-07-05</subfield>
    <subfield code="i">vk26 2016-07-05</subfield>
    <subfield code="e">vk26 2016-07-05 to Dewey</subfield>
  </datafield>
  <datafield tag="010" ind1=" " ind2=" ">
    <subfield code="a">  2016560883</subfield>
  </datafield>
  <datafield tag="035" ind1=" " ind2=" ">
    <subfield code="a">(OCoLC)ocn894105443</subfield>
  </datafield>
  <datafield tag="040" ind1=" " ind2=" ">
    <subfield code="a">YDXCP</subfield>
    <subfield code="b">eng</subfield>
    <subfield code="e">rda</subfield>
    <subfield code="c">YDXCP</subfield>
    <subfield code="d">OCLCQ</subfield>
    <subfield code="d">BTCTA</subfield>
    <subfield code="d">OCLCQ</subfield>
    <subfield code="d">ERASA</subfield>
    <subfield code="d">OCLCQ</subfield>
    <subfield code="d">TXH</subfield>
    <subfield code="d">CHVBK</subfield>
    <subfield code="d">IXA</subfield>
    <subfield code="d">AN#</subfield>
    <subfield code="d">OCLCF</subfield>
    <subfield code="d">OSU</subfield>
    <subfield code="d">RES</subfield>
    <subfield code="d">OCL</subfield>
    <subfield code="d">STF</subfield>
    <subfield code="d">S3O</subfield>
    <subfield code="d">XII</subfield>
    <subfield code="d">WAU</subfield>
    <subfield code="d">CDX</subfield>
    <subfield code="d">OCL</subfield>
  </datafield>
  <datafield tag="020" ind1=" " ind2=" ">
    <subfield code="a">2503554377</subfield>
  </datafield>
  <datafield tag="020" ind1=" " ind2=" ">
    <subfield code="a">9782503554372</subfield>
  </datafield>
  <datafield tag="035" ind1=" " ind2=" ">
    <subfield code="a">(OCoLC)894105443</subfield>
  </datafield>
  <datafield tag="050" ind1="0" ind2="0">
    <subfield code="a">ML3849</subfield>
    <subfield code="b">.R46 2015</subfield>
  </datafield>
  <datafield tag="082" ind1="0" ind2="4">
    <subfield code="a">704.9/4978</subfield>
    <subfield code="2">23</subfield>
  </datafield>
  <datafield tag="245" ind1="0" ind2="0">
    <subfield code="a">Resounding images :</subfield>
    <subfield code="b">medieval intersections of art, music, and sound /</subfield>
    <subfield code="c">edited by Susan Boynton and Diane J. Reilly.</subfield>
  </datafield>
  <datafield tag="246" ind1="3" ind2="0">
    <subfield code="a">Medieval intersections of art, music, and sound</subfield>
  </datafield>
  <datafield tag="264" ind1=" " ind2="1">
    <subfield code="a">Turnhout, Belgium :</subfield>
    <subfield code="b">Brepols,</subfield>
    <subfield code="c">[2015]</subfield>
  </datafield>
  <datafield tag="300" ind1=" " ind2=" ">
    <subfield code="a">451 pages :</subfield>
    <subfield code="b">illustrations (some color) ;</subfield>
    <subfield code="c">29 cm.</subfield>
  </datafield>
  <datafield tag="336" ind1=" " ind2=" ">
    <subfield code="a">text</subfield>
    <subfield code="b">txt</subfield>
    <subfield code="2">rdacontent</subfield>
  </datafield>
  <datafield tag="337" ind1=" " ind2=" ">
    <subfield code="a">unmediated</subfield>
    <subfield code="b">n</subfield>
    <subfield code="2">rdamedia</subfield>
  </datafield>
  <datafield tag="338" ind1=" " ind2=" ">
    <subfield code="a">volume</subfield>
    <subfield code="b">nc</subfield>
    <subfield code="2">rdacarrier</subfield>
  </datafield>
  <datafield tag="490" ind1="1" ind2=" ">
    <subfield code="a">Studies in the visual cultures of the Middle Ages ;</subfield>
    <subfield code="v">vol. 9</subfield>
  </datafield>
  <datafield tag="500" ind1=" " ind2=" ">
    <subfield code="a">Pages 405-451 are plates.</subfield>
  </datafield>
  <datafield tag="504" ind1=" " ind2=" ">
    <subfield code="a">Includes bibliographical references and index.</subfield>
  </datafield>
  <datafield tag="505" ind1="0" ind2="0">
    <subfield code="t">Sound and image in the Middle Ages : reflections on a conjunction /</subfield>
    <subfield code="r">Susan Boynton and Diane J. Reilly --</subfield>
    <subfield code="t">The voice in relief : sculpture and surplus vocality at the rise of naturalism /</subfield>
    <subfield code="r">Matthew G. Shoaf --</subfield>
    <subfield code="t">Performing silence and regulating sound : the monastic soundscape of Saint-Jean-des-Vignes /</subfield>
    <subfield code="r">Sheila Bonde and Clark Maines --</subfield>
    <subfield code="t">Hearing the image at Santo Domingo de Silos /</subfield>
    <subfield code="r">Elizabeth Valdez del Álamo --</subfield>
    <subfield code="t">The sound of conversion in medieval Iberia /</subfield>
    <subfield code="r">Tom Nickson --</subfield>
    <subfield code="t">&quot;Praiseworthy in that great multitude was the silence&quot; : sound/silence in the Topkapi Palace, Istanbul /</subfield>
    <subfield code="r">Nina Ergin --</subfield>
    <subfield code="t">Monastic soundspaces in late Byzantium : the art and act of chanting /</subfield>
    <subfield code="r">Sharon E.J. Gerstel --</subfield>
    <subfield code="t">Written voices : the spoken word in Middle Byzantine monumental painting /</subfield>
    <subfield code="r">Nancy Ševčenko --</subfield>
    <subfield code="t">Singing, crying, shouting, and saying : embroidered Aëres and Epitaphioi and the sounds of the Byzantine liturgy /</subfield>
    <subfield code="r">Henry Schilb --</subfield>
    <subfield code="t">The aural-visual experience in the Ashkenazi ritual domain of the Middle Ages /</subfield>
    <subfield code="r">Sarit Shalev-Eyni --</subfield>
    <subfield code="t">The Play of Daniel in the Cathedral of Beauvais /</subfield>
    <subfield code="r">Andrew Tallon --</subfield>
    <subfield code="t">Building a church with music : the plainchant capitals at Cluny, c. 1100 /</subfield>
    <subfield code="r">Sébastien Biay --</subfield>
    <subfield code="t">Sounds and visions of Heaven : the fusion of music and art in the Gradual of Gisela von Kerssenbroeck /</subfield>
    <subfield code="r">Judith H. Oliver --</subfield>
    <subfield code="t">The desert in paradise : a newly discovered office for John the Baptist from Paradies bei Soest and its place in the Dominican liturgy /</subfield>
    <subfield code="r">Margot E. Fassler and Jeffrey F. Hamburger --</subfield>
    <subfield code="t">Staging the blindfolded bride : between medieval drama and Piyyut illumination in the Levy Maḥzor /</subfield>
    <subfield code="r">Sara Offenberg --</subfield>
    <subfield code="t">Integrating Anselm : pictures and the liturgy in a twelfth-century manuscript of the Orationes sive meditationes /</subfield>
    <subfield code="r">Michael Curschmann --</subfield>
    <subfield code="t">Silent sounds : musical iconography in a fifteenth-century Jewish prayer book /</subfield>
    <subfield code="r">Suzanne Wijsman.</subfield>
  </datafield>
  <datafield tag="650" ind1=" " ind2="0">
    <subfield code="a">Art and music</subfield>
    <subfield code="x">History</subfield>
    <subfield code="y">To 1500.</subfield>
  </datafield>
  <datafield tag="650" ind1=" " ind2="0">
    <subfield code="a">Music and architecture</subfield>
    <subfield code="x">History</subfield>
    <subfield code="y">To 1500.</subfield>
  </datafield>
  <datafield tag="650" ind1=" " ind2="0">
    <subfield code="a">Art and architecture</subfield>
    <subfield code="x">History</subfield>
    <subfield code="y">To 1500.</subfield>
  </datafield>
  <datafield tag="650" ind1=" " ind2="0">
    <subfield code="a">Sound in art</subfield>
    <subfield code="x">History</subfield>
    <subfield code="y">To 1500.</subfield>
  </datafield>
  <datafield tag="650" ind1=" " ind2="0">
    <subfield code="a">Music in art</subfield>
    <subfield code="x">History</subfield>
    <subfield code="y">To 1500.</subfield>
  </datafield>
  <datafield tag="650" ind1=" " ind2="0">
    <subfield code="a">Art, Medieval</subfield>
    <subfield code="x">Themes, motives.</subfield>
  </datafield>
  <datafield tag="650" ind1=" " ind2="0">
    <subfield code="a">Illumination of books and manuscripts, Medieval</subfield>
    <subfield code="x">Themes, motives.</subfield>
  </datafield>
  <datafield tag="700" ind1="1" ind2=" ">
    <subfield code="a">Boynton, Susan,</subfield>
    <subfield code="d">1966-</subfield>
    <subfield code="e">editor.</subfield>
  </datafield>
  <datafield tag="700" ind1="1" ind2=" ">
    <subfield code="a">Reilly, Diane J.,</subfield>
    <subfield code="e">editor.</subfield>
  </datafield>
  <datafield tag="830" ind1=" " ind2="0">
    <subfield code="a">Studies in the visual cultures of the Middle Ages ;</subfield>
    <subfield code="v">v. 9.</subfield>
  </datafield>
</record>