
<record>
  <leader>02923cam a22006257i 4500</leader>
  <controlfield tag="001">19164542</controlfield>
  <controlfield tag="005">20200103121201.0</controlfield>
  <controlfield tag="008">160706t20152015gw ac    bc   001 0deng c</controlfield>
  <datafield tag="906" ind1=" " ind2=" ">
    <subfield code="a">7</subfield>
    <subfield code="b">cbc</subfield>
    <subfield code="c">pccadap</subfield>
    <subfield code="d">2</subfield>
    <subfield code="e">ncip</subfield>
    <subfield code="f">20</subfield>
    <subfield code="g">y-gencatlg</subfield>
  </datafield>
  <datafield tag="925" ind1="0" ind2=" ">
    <subfield code="a">acquire</subfield>
    <subfield code="b">1 shelf copies</subfield>
    <subfield code="x">policy default</subfield>
  </datafield>
  <datafield tag="955" ind1=" " ind2=" ">
    <subfield code="b">bd19 2017-05-31 z-processor;</subfield>
    <subfield code="i">bd19  2017-05-31;</subfield>
    <subfield code="e">bd19  2017-06-12 to Dewey</subfield>
  </datafield>
  <datafield tag="010" ind1=" " ind2=" ">
    <subfield code="a">  2016415597</subfield>
  </datafield>
  <datafield tag="016" ind1="7" ind2=" ">
    <subfield code="a">101657946</subfield>
    <subfield code="2">DNLM</subfield>
  </datafield>
  <datafield tag="020" ind1=" " ind2=" ">
    <subfield code="a">9783869067575</subfield>
    <subfield code="q">(English edition ;</subfield>
    <subfield code="q">hd. bd.)</subfield>
  </datafield>
  <datafield tag="020" ind1=" " ind2=" ">
    <subfield code="a">3869067578</subfield>
    <subfield code="q">(English edition ;</subfield>
    <subfield code="q">hd. bd.)</subfield>
  </datafield>
  <datafield tag="024" ind1="3" ind2=" ">
    <subfield code="a">9783869067575</subfield>
  </datafield>
  <datafield tag="035" ind1=" " ind2=" ">
    <subfield code="a">(OCoLC)ocn908681059</subfield>
  </datafield>
  <datafield tag="040" ind1=" " ind2=" ">
    <subfield code="a">OHX</subfield>
    <subfield code="b">eng</subfield>
    <subfield code="c">NLM</subfield>
    <subfield code="e">rda</subfield>
    <subfield code="d">OHX</subfield>
    <subfield code="d">STF</subfield>
    <subfield code="d">NLGGC</subfield>
    <subfield code="d">XII</subfield>
    <subfield code="d">OCLCF</subfield>
    <subfield code="d">QGK</subfield>
    <subfield code="d">OCLCO</subfield>
    <subfield code="d">OCLCQ</subfield>
    <subfield code="d">OCLCO</subfield>
    <subfield code="d">DLC</subfield>
  </datafield>
  <datafield tag="041" ind1="1" ind2=" ">
    <subfield code="a">eng</subfield>
    <subfield code="h">ger</subfield>
  </datafield>
  <datafield tag="043" ind1=" " ind2=" ">
    <subfield code="a">e-gx---</subfield>
  </datafield>
  <datafield tag="060" ind1="0" ind2="0">
    <subfield code="a">WZ 28</subfield>
    <subfield code="b">B357w 2015</subfield>
  </datafield>
  <datafield tag="072" ind1=" " ind2="7">
    <subfield code="a">Z</subfield>
    <subfield code="2">lcco</subfield>
  </datafield>
  <datafield tag="050" ind1="0" ind2="0">
    <subfield code="a">Z997.S34</subfield>
    <subfield code="b">W4513 2015</subfield>
  </datafield>
  <datafield tag="130" ind1="0" ind2=" ">
    <subfield code="a">Welten des Wissens.</subfield>
    <subfield code="l">English.</subfield>
  </datafield>
  <datafield tag="245" ind1="1" ind2="0">
    <subfield code="a">Worlds of learning :</subfield>
    <subfield code="b">the library and world chronicle of the Nuremberg physician Hartmann Schedel (1440-1514) /</subfield>
    <subfield code="c">edited by the Bayerische Staatsbibliothek ; exhibition and catalogue: Bettina Wagner ; translations: Diane Booton and Bettina Wagner.</subfield>
  </datafield>
  <datafield tag="264" ind1=" " ind2="1">
    <subfield code="a">Munich :</subfield>
    <subfield code="b">Allitera Verlag :</subfield>
    <subfield code="b">BSB, Bayerische Staatsbibliothek,</subfield>
    <subfield code="c">©2015.</subfield>
  </datafield>
  <datafield tag="300" ind1=" " ind2=" ">
    <subfield code="a">168 pages :</subfield>
    <subfield code="b">illustrations (chiefly color), portraits ;</subfield>
    <subfield code="c">28 cm.</subfield>
  </datafield>
  <datafield tag="336" ind1=" " ind2=" ">
    <subfield code="a">text</subfield>
    <subfield code="b">txt</subfield>
    <subfield code="2">rdacontent</subfield>
  </datafield>
  <datafield tag="337" ind1=" " ind2=" ">
    <subfield code="a">unmediated</subfield>
    <subfield code="b">n</subfield>
    <subfield code="2">rdamedia</subfield>
  </datafield>
  <datafield tag="338" ind1=" " ind2=" ">
    <subfield code="a">volume</subfield>
    <subfield code="b">nc</subfield>
    <subfield code="2">rdacarrier</subfield>
  </datafield>
  <datafield tag="490" ind1="1" ind2=" ">
    <subfield code="a">Bayerische Staatsbibliothek. Ausstellungskataloge ;</subfield>
    <subfield code="v">89</subfield>
  </datafield>
  <datafield tag="500" ind1=" " ind2=" ">
    <subfield code="a">Exhibition catalog.</subfield>
  </datafield>
  <datafield tag="500" ind1=" " ind2=" ">
    <subfield code="a">Accompanies the exhibition &quot;Welten des Wissens : die Bibliothek und Weltchronik des Nürnberger Arztes Hartmann Schedel (1440-1514),&quot; held at the Bayerische Staatsbibliothek, Munich, November 19, 2014, to March 1, 2015.</subfield>
  </datafield>
  <datafield tag="500" ind1=" " ind2=" ">
    <subfield code="a">Translation of: Welten des Wissens.</subfield>
  </datafield>
  <datafield tag="504" ind1=" " ind2=" ">
    <subfield code="a">Includes bibliographical references (pages 157-166) and indexes.</subfield>
  </datafield>
  <datafield tag="600" ind1="1" ind2="0">
    <subfield code="a">Schedel, Hartmann,</subfield>
    <subfield code="d">1440-1514</subfield>
    <subfield code="x">Library</subfield>
    <subfield code="v">Exhibitions.</subfield>
  </datafield>
  <datafield tag="600" ind1="1" ind2="0">
    <subfield code="a">Schedel, Hartmann,</subfield>
    <subfield code="d">1440-1514.</subfield>
    <subfield code="t">Liber chronicarum</subfield>
    <subfield code="v">Exhibitions.</subfield>
  </datafield>
  <datafield tag="650" ind1=" " ind2="0">
    <subfield code="a">Incunabula</subfield>
    <subfield code="z">Germany</subfield>
    <subfield code="z">Nuremberg</subfield>
    <subfield code="v">Bibliography</subfield>
    <subfield code="v">Exhibitions.</subfield>
  </datafield>
  <datafield tag="650" ind1=" " ind2="0">
    <subfield code="a">Manuscripts, Medieval</subfield>
    <subfield code="z">Germany</subfield>
    <subfield code="z">Nuremberg</subfield>
    <subfield code="v">Exhibitions.</subfield>
  </datafield>
  <datafield tag="650" ind1=" " ind2="0">
    <subfield code="a">Private libraries</subfield>
    <subfield code="z">Germany</subfield>
    <subfield code="z">Nuremberg</subfield>
    <subfield code="v">Exhibitions.</subfield>
  </datafield>
  <datafield tag="610" ind1="2" ind2="0">
    <subfield code="a">Bayerische Staatsbibliothek</subfield>
    <subfield code="v">Exhibitions.</subfield>
  </datafield>
  <datafield tag="600" ind1="1" ind2="2">
    <subfield code="a">Schedel, Hartmann,</subfield>
    <subfield code="d">1440-1514.</subfield>
  </datafield>
  <datafield tag="610" ind1="2" ind2="2">
    <subfield code="a">Bayerische Staatsbibliothek.</subfield>
  </datafield>
  <datafield tag="650" ind1="1" ind2="2">
    <subfield code="a">Libraries.</subfield>
  </datafield>
  <datafield tag="650" ind1="2" ind2="2">
    <subfield code="a">Incunabula as Topic.</subfield>
  </datafield>
  <datafield tag="650" ind1="2" ind2="2">
    <subfield code="a">Manuscripts as Topic.</subfield>
  </datafield>
  <datafield tag="650" ind1="2" ind2="2">
    <subfield code="a">Exhibits as Topic.</subfield>
  </datafield>
  <datafield tag="651" ind1=" " ind2="2">
    <subfield code="a">Germany.</subfield>
  </datafield>
  <datafield tag="655" ind1=" " ind2="2">
    <subfield code="a">Catalogs.</subfield>
  </datafield>
  <datafield tag="600" ind1="1" ind2="4">
    <subfield code="a">Schedel, Hartmann,</subfield>
    <subfield code="d">1440-1514.</subfield>
  </datafield>
  <datafield tag="610" ind1="2" ind2="4">
    <subfield code="a">Bayerische Staatsbibliothek.</subfield>
  </datafield>
  <datafield tag="700" ind1="1" ind2=" ">
    <subfield code="a">Wagner, Bettina,</subfield>
    <subfield code="e">curator.</subfield>
  </datafield>
  <datafield tag="710" ind1="2" ind2=" ">
    <subfield code="a">Bayerische Staatsbibliothek,</subfield>
    <subfield code="e">host institution,</subfield>
    <subfield code="e">editor,</subfield>
    <subfield code="e">issuing body.</subfield>
  </datafield>
  <datafield tag="830" ind1=" " ind2="0">
    <subfield code="a">Ausstellungskataloge (Bayerische Staatsbibliothek) ;</subfield>
    <subfield code="v">89.</subfield>
  </datafield>
  <datafield tag="923" ind1=" " ind2=" ">
    <subfield code="a">20160710</subfield>
    <subfield code="s">v00010710</subfield>
  </datafield>
</record>