
<record>
  <leader>03054cam a22003377i 4500</leader>
  <controlfield tag="001">19177790</controlfield>
  <controlfield tag="005">20200103150741.0</controlfield>
  <controlfield tag="008">160715s2016    cau      b    001 0 eng  </controlfield>
  <datafield tag="906" ind1=" " ind2=" ">
    <subfield code="a">7</subfield>
    <subfield code="b">cbc</subfield>
    <subfield code="c">orignew</subfield>
    <subfield code="d">1</subfield>
    <subfield code="e">ecip</subfield>
    <subfield code="f">20</subfield>
    <subfield code="g">y-gencatlg</subfield>
  </datafield>
  <datafield tag="925" ind1="0" ind2=" ">
    <subfield code="a">acquire</subfield>
    <subfield code="b">1 shelf copy</subfield>
    <subfield code="x">policy default</subfield>
  </datafield>
  <datafield tag="955" ind1=" " ind2=" ">
    <subfield code="b">rm13 2016-07-15</subfield>
    <subfield code="c">rm13 2016-07-15 (telework)</subfield>
    <subfield code="d">rm03 2016-07-15</subfield>
    <subfield code="e">rm11 2016-07-15 to Dewey</subfield>
    <subfield code="w">xm07 2016-07-18</subfield>
    <subfield code="a">xn11 2016-10-17 1 copy rec&apos;d., to CIP ver.</subfield>
    <subfield code="f">rm06 2016-10-25 to CALM</subfield>
  </datafield>
  <datafield tag="010" ind1=" " ind2=" ">
    <subfield code="a">  2016023492</subfield>
  </datafield>
  <datafield tag="020" ind1=" " ind2=" ">
    <subfield code="a">9781440842665 (hardcopy : alk. paper)</subfield>
  </datafield>
  <datafield tag="020" ind1=" " ind2=" ">
    <subfield code="z">9781440842672 (ebook)</subfield>
  </datafield>
  <datafield tag="040" ind1=" " ind2=" ">
    <subfield code="a">DLC</subfield>
    <subfield code="b">eng</subfield>
    <subfield code="c">DLC</subfield>
    <subfield code="e">rda</subfield>
    <subfield code="d">DLC</subfield>
  </datafield>
  <datafield tag="050" ind1="0" ind2="0">
    <subfield code="a">BF1099.C55</subfield>
    <subfield code="b">S555 2016</subfield>
  </datafield>
  <datafield tag="082" ind1="0" ind2="0">
    <subfield code="a">154.6/3083</subfield>
    <subfield code="2">23</subfield>
  </datafield>
  <datafield tag="245" ind1="0" ind2="0">
    <subfield code="a">Sleep monsters and superheroes :</subfield>
    <subfield code="b">empowering children through creative dreamplay /</subfield>
    <subfield code="c">Clare R. Johnson and Jean M. Campbell, editors ; Foreword by Deirdre Barrett.</subfield>
  </datafield>
  <datafield tag="264" ind1=" " ind2="1">
    <subfield code="a">Santa Barbara :</subfield>
    <subfield code="b">Praeger, An Imprint of ABC-CLIO, LLC,</subfield>
    <subfield code="c">[2016]</subfield>
  </datafield>
  <datafield tag="300" ind1=" " ind2=" ">
    <subfield code="a">xiii, 265 pages ;</subfield>
    <subfield code="c">25 cm</subfield>
  </datafield>
  <datafield tag="336" ind1=" " ind2=" ">
    <subfield code="a">text</subfield>
    <subfield code="b">txt</subfield>
    <subfield code="2">rdacontent</subfield>
  </datafield>
  <datafield tag="337" ind1=" " ind2=" ">
    <subfield code="a">unmediated</subfield>
    <subfield code="b">n</subfield>
    <subfield code="2">rdamedia</subfield>
  </datafield>
  <datafield tag="338" ind1=" " ind2=" ">
    <subfield code="a">volume</subfield>
    <subfield code="b">nc</subfield>
    <subfield code="2">rdacarrier</subfield>
  </datafield>
  <datafield tag="504" ind1=" " ind2=" ">
    <subfield code="a">Includes bibliographical references (pages 245-252) and index.</subfield>
  </datafield>
  <datafield tag="505" ind1="0" ind2=" ">
    <subfield code="a">Foreword / by Deirdre Barrett -- Preface / by Clare R. Johnson and Jean M. Campbell -- Creativity and healing -- Superkid and other joyful dreams : creative dreaming with young children / Patricia Garfield -- Nightmares as a gift : the surprising value of frightening dreams in childhood / Kelly Bulkeley and Patricia M. Bulkley -- The healing power of story : re-dreaming the dream. / Clare R. Johnson and Jean M. Campbell -- Dreamplay for children facing illness, injury, and physical handicaps / Tallulah Lyons -- Inner and outer worlds -- Dragons, angels, and rites of passage : the universal language of children&apos;s dreams / Angel Morgan -- The impact of digital technology on children&apos;s dreams / Jayne Gackenbach, Arielle Boyes, Ann Sinyard, Carson Flockhart, and Caterina Snyder -- The influence of community on children&apos;s dreams / Martha A. Taylor -- Extreme dreams -- The power of dreamwork with traumatized adolescents / David Gordon and Dani Vedros -- Dreams of bereaved and grieving children : the impact of death on dreams / Brenda Mallon -- Weirdness in the night : terrors and disorders in children&apos;s sleep / Ryan Hurd -- War and peace : dreaming a peaceful world into being / Jean M. Campbell -- Extraordinary dreams -- Young superheroes of the dreamtime : dreams of time, space and the future / Linda Mastrangelo -- Divine dreams : religious and spiritual themes in children&apos;s dreams / Kate Adams -- Dream magicians : empower children through lucid dreaming / Clare R. Johnson -- Resources -- About the editors and contributors -- Index.</subfield>
  </datafield>
  <datafield tag="650" ind1=" " ind2="0">
    <subfield code="a">Children&apos;s dreams.</subfield>
  </datafield>
  <datafield tag="650" ind1=" " ind2="0">
    <subfield code="a">Child psychology.</subfield>
  </datafield>
  <datafield tag="650" ind1=" " ind2="0">
    <subfield code="a">Creative ability in children.</subfield>
  </datafield>
  <datafield tag="700" ind1="1" ind2=" ">
    <subfield code="a">Johnson, Clare R.,</subfield>
    <subfield code="e">editor.</subfield>
  </datafield>
  <datafield tag="700" ind1="1" ind2=" ">
    <subfield code="a">Campbell, Jean M.,</subfield>
    <subfield code="e">editor.</subfield>
  </datafield>
  <datafield tag="776" ind1="0" ind2="8">
    <subfield code="i">Online version:</subfield>
    <subfield code="t">Sleep monsters and superheroes</subfield>
    <subfield code="d">Santa Barbara : Praeger, 2016</subfield>
    <subfield code="z">9781440842672</subfield>
    <subfield code="w">(DLC) 2016033409</subfield>
  </datafield>
</record>