
<record>
  <leader>02903cam a22003377i 4500</leader>
  <controlfield tag="001">19177812</controlfield>
  <controlfield tag="005">20200103121207.0</controlfield>
  <controlfield tag="008">160715s2015    ck ab    b    000 0 spa c</controlfield>
  <datafield tag="906" ind1=" " ind2=" ">
    <subfield code="a">7</subfield>
    <subfield code="b">cbc</subfield>
    <subfield code="c">pccadap</subfield>
    <subfield code="d">2</subfield>
    <subfield code="e">ncip</subfield>
    <subfield code="f">20</subfield>
    <subfield code="g">y-gencatlg</subfield>
  </datafield>
  <datafield tag="925" ind1="0" ind2=" ">
    <subfield code="a">acquire</subfield>
    <subfield code="b">1 shelf copies</subfield>
    <subfield code="x">policy default</subfield>
  </datafield>
  <datafield tag="955" ind1=" " ind2=" ">
    <subfield code="b">bg08 2016-07-15 z-processor OT to ALAWE/SA</subfield>
    <subfield code="i">bc12 2017-04-26 (telework)</subfield>
    <subfield code="e">bc12 2017-04-27 to BCCD (ABACheck &amp; Labeled)</subfield>
  </datafield>
  <datafield tag="010" ind1=" " ind2=" ">
    <subfield code="a">  2016445101</subfield>
  </datafield>
  <datafield tag="020" ind1=" " ind2=" ">
    <subfield code="a">9789588747859</subfield>
  </datafield>
  <datafield tag="020" ind1=" " ind2=" ">
    <subfield code="a">9588747856</subfield>
  </datafield>
  <datafield tag="035" ind1=" " ind2=" ">
    <subfield code="a">(OCoLC)ocn915150532</subfield>
  </datafield>
  <datafield tag="040" ind1=" " ind2=" ">
    <subfield code="a">STF</subfield>
    <subfield code="b">eng</subfield>
    <subfield code="c">STF</subfield>
    <subfield code="e">rda</subfield>
    <subfield code="d">OCLCF</subfield>
    <subfield code="d">NOC</subfield>
    <subfield code="d">DLC</subfield>
  </datafield>
  <datafield tag="043" ind1=" " ind2=" ">
    <subfield code="a">s-ck---</subfield>
  </datafield>
  <datafield tag="050" ind1="0" ind2="0">
    <subfield code="a">JA84.C63</subfield>
    <subfield code="b">H33 2015</subfield>
  </datafield>
  <datafield tag="245" ind1="0" ind2="0">
    <subfield code="a">¿Hacia dónde va la ciencia política? :</subfield>
    <subfield code="b">reflexiones sobre la disciplina en Colombia /</subfield>
    <subfield code="c">[organizadores] Julián Andrés Caicedo Ortíz, Julián Andrés Cuellar Argote.</subfield>
  </datafield>
  <datafield tag="250" ind1=" " ind2=" ">
    <subfield code="a">Primera edición.</subfield>
  </datafield>
  <datafield tag="264" ind1=" " ind2="1">
    <subfield code="a">Ibagué, Tolima :</subfield>
    <subfield code="b">Universidad del Tolima,</subfield>
    <subfield code="c">2015.</subfield>
  </datafield>
  <datafield tag="300" ind1=" " ind2=" ">
    <subfield code="a">221 pages :</subfield>
    <subfield code="b">color illustrations, color map ;</subfield>
    <subfield code="c">24 cm</subfield>
  </datafield>
  <datafield tag="336" ind1=" " ind2=" ">
    <subfield code="a">text</subfield>
    <subfield code="2">rdacontent</subfield>
  </datafield>
  <datafield tag="337" ind1=" " ind2=" ">
    <subfield code="a">unmediated</subfield>
    <subfield code="2">rdamedia</subfield>
  </datafield>
  <datafield tag="338" ind1=" " ind2=" ">
    <subfield code="a">volume</subfield>
    <subfield code="2">rdacarrier</subfield>
  </datafield>
  <datafield tag="500" ind1=" " ind2=" ">
    <subfield code="a">&quot;Grupo Interdisciplinario de Estudios sobre el Territorio &quot;Yuma-íma&quot;, Línea de Investigación: Teoría y Análisis Político Universidad del Tolima.&quot;</subfield>
  </datafield>
  <datafield tag="504" ind1=" " ind2=" ">
    <subfield code="a">Includes bibliographical references.</subfield>
  </datafield>
  <datafield tag="505" ind1="0" ind2=" ">
    <subfield code="a">Pensar la ciencia política colombiana: un estudio preliminar / Pablo Alberto Bulcourf -- La ciencia política en Colombia: ¿un desarrollo disciplinar?: marco institucional, disciplinar y social / Julián Andrés Cuellar Argote -- Hacia una ciencia política transversal en Colombia / Julián Andrés Caicedo Ortíz -- Un acercamiento al campo de la teoría política en Colombia / Sergio Ángel Baquero, Fredy Andrés Barrero Escobar -- La profesionalización de la ciencia política en Colombia / Bibiana Rueda Rodríguez -- La inserción laboral de politólogos y administradores públicos en la alta función pública en Colombia / André-Noël Roth Deubel, Fredy Alejandro Robayo Corredor -- La formación para la investigación en el pregrado en ciencia política de la Universidad de Tolima / María Cristina Ovalie Almanza -- Disclipinando la indisciplina: el arduo camino de la institucionalización en las regiones colombianas: estudio de caso del programa de ciencia política de la Universidad del Cauca / Jorge Enrique Urreste Campo -- Epílogo: hacia una nueva agenda del trabajo / Juan Pablo Milanés -- Resultados del II Encuentro Nacional de Programas de Ciencia Política / Andea Moreno, Mauro Perdomo Polaníam Lina Acosta Huerfia, Dania Barrios, Julián Anaya, Christhian Martínez, Jenny Castaño, Juan Luis Felipe Rincón, Cristina Gaitán, Sergio Huertas.</subfield>
  </datafield>
  <datafield tag="650" ind1=" " ind2="0">
    <subfield code="a">Political science</subfield>
    <subfield code="z">Colombia.</subfield>
  </datafield>
  <datafield tag="700" ind1="1" ind2=" ">
    <subfield code="a">Caicedo Ortíz, Julián Andrés,</subfield>
    <subfield code="e">editor.</subfield>
  </datafield>
  <datafield tag="700" ind1="1" ind2=" ">
    <subfield code="a">Cuellar Argote, Julián Andrés,</subfield>
    <subfield code="e">editor.</subfield>
  </datafield>
</record>