
<record>
  <leader>02194cas a2200433 i 4500</leader>
  <controlfield tag="001">19177875</controlfield>
  <controlfield tag="005">20200103074431.0</controlfield>
  <controlfield tag="008">150123c20139999tg fr p      f0    0fre  </controlfield>
  <datafield tag="906" ind1=" " ind2=" ">
    <subfield code="a">7</subfield>
    <subfield code="b">cbc</subfield>
    <subfield code="c">serials</subfield>
    <subfield code="d">2</subfield>
    <subfield code="e">ncip</subfield>
    <subfield code="f">20</subfield>
    <subfield code="g">n-oclcserc</subfield>
  </datafield>
  <datafield tag="925" ind1="0" ind2=" ">
    <subfield code="a">Acquire 1</subfield>
    <subfield code="b">shelf copy</subfield>
    <subfield code="x">mlh 2016-07-15</subfield>
  </datafield>
  <datafield tag="955" ind1=" " ind2=" ">
    <subfield code="b">bc06 2016-07-15 to (telework) ALAWE/A</subfield>
    <subfield code="i">bc10 2019-06-14</subfield>
    <subfield code="g">bc06 2019-06-21 (telework/credit) to SER</subfield>
    <subfield code="g">bc06 2019-07-12 (telework) to SER</subfield>
    <subfield code="g">bc06 2019-07-15 (telework) to SER</subfield>
    <subfield code="g">bc06 2019-07-19 (telework) to SER</subfield>
    <subfield code="g">bc06 2019-12-23 (telework) to SER</subfield>
    <subfield code="g">bc06 2019-12-27 (telework) to SER</subfield>
    <subfield code="g">bc06 2019-12-30 (telework) to SER</subfield>
    <subfield code="g">bc06 2020-01-03 (telework) to SER</subfield>
  </datafield>
  <datafield tag="010" ind1=" " ind2=" ">
    <subfield code="a">  2019212925</subfield>
  </datafield>
  <datafield tag="035" ind1=" " ind2=" ">
    <subfield code="a">(OCoLC)ocn900651863</subfield>
  </datafield>
  <datafield tag="040" ind1=" " ind2=" ">
    <subfield code="a">STF</subfield>
    <subfield code="b">eng</subfield>
    <subfield code="e">rda</subfield>
    <subfield code="c">STF</subfield>
    <subfield code="d">STF</subfield>
    <subfield code="d">OCLCA</subfield>
    <subfield code="d">HLS</subfield>
    <subfield code="d">OCLCF</subfield>
    <subfield code="d">OCLCO</subfield>
    <subfield code="d">OCL</subfield>
    <subfield code="d">OCLCA</subfield>
    <subfield code="d">DLC</subfield>
  </datafield>
  <datafield tag="042" ind1=" " ind2=" ">
    <subfield code="a">pcc</subfield>
  </datafield>
  <datafield tag="043" ind1=" " ind2=" ">
    <subfield code="a">f-tg---</subfield>
  </datafield>
  <datafield tag="050" ind1="0" ind2="0">
    <subfield code="a">RA643.86.T6</subfield>
    <subfield code="b">C56</subfield>
  </datafield>
  <datafield tag="130" ind1="0" ind2=" ">
    <subfield code="a">CNLS magazine (Lomé, Togo)</subfield>
  </datafield>
  <datafield tag="245" ind1="1" ind2="0">
    <subfield code="a">CNLS magazine.</subfield>
  </datafield>
  <datafield tag="264" ind1=" " ind2="1">
    <subfield code="a">Lomé :</subfield>
    <subfield code="b">Conseil national de lutte contre le Sida et les IST,</subfield>
    <subfield code="c">[2013]-</subfield>
  </datafield>
  <datafield tag="300" ind1=" " ind2=" ">
    <subfield code="a">volumes :</subfield>
    <subfield code="b">color illustrations ;</subfield>
    <subfield code="c">30 cm</subfield>
  </datafield>
  <datafield tag="310" ind1=" " ind2=" ">
    <subfield code="a">Semiannual</subfield>
  </datafield>
  <datafield tag="336" ind1=" " ind2=" ">
    <subfield code="a">text</subfield>
    <subfield code="b">txt</subfield>
    <subfield code="2">rdacontent</subfield>
  </datafield>
  <datafield tag="337" ind1=" " ind2=" ">
    <subfield code="a">unmediated</subfield>
    <subfield code="b">n</subfield>
    <subfield code="2">rdamedia</subfield>
  </datafield>
  <datafield tag="338" ind1=" " ind2=" ">
    <subfield code="a">volume</subfield>
    <subfield code="b">nc</subfield>
    <subfield code="2">rdacarrier</subfield>
  </datafield>
  <datafield tag="362" ind1="1" ind2=" ">
    <subfield code="a">Began with no 001 (mars 2013).</subfield>
  </datafield>
  <datafield tag="588" ind1=" " ind2=" ">
    <subfield code="a">Description based on: No 001 (mars 2013); title from cover.</subfield>
  </datafield>
  <datafield tag="588" ind1=" " ind2=" ">
    <subfield code="a">Latest issue consulted: No 008 (novembre 2016).</subfield>
  </datafield>
  <datafield tag="610" ind1="2" ind2="0">
    <subfield code="a">Conseil national de lutte contre le SIDA et les infections sexuellement transmissibles (Togo)</subfield>
    <subfield code="v">Periodicals.</subfield>
  </datafield>
  <datafield tag="610" ind1="2" ind2="7">
    <subfield code="a">Conseil national de lutte contre le SIDA et les infections sexuellement transmissibles (Togo)</subfield>
    <subfield code="2">fast</subfield>
    <subfield code="0">(OCoLC)fst01998022</subfield>
  </datafield>
  <datafield tag="650" ind1=" " ind2="0">
    <subfield code="a">AIDS (Disease)</subfield>
    <subfield code="z">Togo</subfield>
    <subfield code="x">Prevention</subfield>
    <subfield code="v">Periodicals.</subfield>
  </datafield>
  <datafield tag="650" ind1=" " ind2="0">
    <subfield code="a">HIV infections</subfield>
    <subfield code="z">Togo</subfield>
    <subfield code="x">Prevention</subfield>
    <subfield code="v">Periodicals.</subfield>
  </datafield>
  <datafield tag="650" ind1=" " ind2="7">
    <subfield code="a">AIDS (Disease)</subfield>
    <subfield code="x">Prevention.</subfield>
    <subfield code="2">fast</subfield>
    <subfield code="0">(OCoLC)fst00793908</subfield>
  </datafield>
  <datafield tag="650" ind1=" " ind2="7">
    <subfield code="a">HIV infections</subfield>
    <subfield code="x">Prevention.</subfield>
    <subfield code="2">fast</subfield>
    <subfield code="0">(OCoLC)fst00949895</subfield>
  </datafield>
  <datafield tag="651" ind1=" " ind2="7">
    <subfield code="a">Togo.</subfield>
    <subfield code="2">fast</subfield>
    <subfield code="0">(OCoLC)fst01208739</subfield>
  </datafield>
  <datafield tag="655" ind1=" " ind2="7">
    <subfield code="a">Periodicals.</subfield>
    <subfield code="2">fast</subfield>
    <subfield code="0">(OCoLC)fst01411641</subfield>
  </datafield>
  <datafield tag="710" ind1="2" ind2=" ">
    <subfield code="a">Conseil national de lutte contre le SIDA et les infections sexuellement transmissibles (Togo),</subfield>
    <subfield code="e">issuing body.</subfield>
  </datafield>
  <datafield tag="850" ind1=" " ind2=" ">
    <subfield code="a">DLC</subfield>
  </datafield>
  <datafield tag="923" ind1=" " ind2=" ">
    <subfield code="a">Purchase</subfield>
    <subfield code="s">Hogarth (93001367)</subfield>
  </datafield>
</record>