
<record>
  <leader>02275cam a22003617i 4500</leader>
  <controlfield tag="001">19179219</controlfield>
  <controlfield tag="005">20200103121208.0</controlfield>
  <controlfield tag="008">160317e201510  bo a     b    000 0 spa c</controlfield>
  <datafield tag="906" ind1=" " ind2=" ">
    <subfield code="a">7</subfield>
    <subfield code="b">cbc</subfield>
    <subfield code="c">pccadap</subfield>
    <subfield code="d">3</subfield>
    <subfield code="e">ncip</subfield>
    <subfield code="f">20</subfield>
    <subfield code="g">y-gencatlg</subfield>
  </datafield>
  <datafield tag="925" ind1="0" ind2=" ">
    <subfield code="a">acquire</subfield>
    <subfield code="b">1 shelf copy</subfield>
    <subfield code="x">policy default</subfield>
  </datafield>
  <datafield tag="955" ind1=" " ind2=" ">
    <subfield code="b">bf27 2016-07-23 to ALAWE/SA (OT)</subfield>
    <subfield code="b">bc12 2017-08-22 z-processor</subfield>
    <subfield code="i">bc12 2017-08-30 (telework)</subfield>
  </datafield>
  <datafield tag="010" ind1=" " ind2=" ">
    <subfield code="a">  2016414488</subfield>
  </datafield>
  <datafield tag="035" ind1=" " ind2=" ">
    <subfield code="a">(OCoLC)ocn949907073</subfield>
  </datafield>
  <datafield tag="040" ind1=" " ind2=" ">
    <subfield code="a">ZCU</subfield>
    <subfield code="b">eng</subfield>
    <subfield code="c">ZCU</subfield>
    <subfield code="e">rda</subfield>
    <subfield code="d">OCLCF</subfield>
    <subfield code="d">RBN</subfield>
    <subfield code="d">UBY</subfield>
    <subfield code="d">NOC</subfield>
    <subfield code="d">DLC</subfield>
  </datafield>
  <datafield tag="043" ind1=" " ind2=" ">
    <subfield code="a">s-bo---</subfield>
  </datafield>
  <datafield tag="050" ind1="0" ind2="0">
    <subfield code="a">JL2299.C63</subfield>
    <subfield code="b">C64 2015</subfield>
  </datafield>
  <datafield tag="245" ind1="0" ind2="0">
    <subfield code="a">Cochabamba :</subfield>
    <subfield code="b">igualdad, identidad y ciudadanía /</subfield>
    <subfield code="c">compilador: Gonzalo Vargas Villazón ; Jacqueline Garrido Cortés V. [and nine others].</subfield>
  </datafield>
  <datafield tag="250" ind1=" " ind2=" ">
    <subfield code="a">Primera edición.</subfield>
  </datafield>
  <datafield tag="264" ind1=" " ind2="1">
    <subfield code="a">Cochabamba :</subfield>
    <subfield code="b">Foro Regional, CIUDADANIA, CERES, Los Tiempos,</subfield>
    <subfield code="c">Octubre 2015.</subfield>
  </datafield>
  <datafield tag="300" ind1=" " ind2=" ">
    <subfield code="a">119 pages :</subfield>
    <subfield code="b">illustrations ;</subfield>
    <subfield code="c">26 cm</subfield>
  </datafield>
  <datafield tag="336" ind1=" " ind2=" ">
    <subfield code="a">text</subfield>
    <subfield code="b">txt</subfield>
    <subfield code="2">rdacontent</subfield>
  </datafield>
  <datafield tag="337" ind1=" " ind2=" ">
    <subfield code="a">unmediated</subfield>
    <subfield code="b">n</subfield>
    <subfield code="2">rdamedia</subfield>
  </datafield>
  <datafield tag="338" ind1=" " ind2=" ">
    <subfield code="a">volume</subfield>
    <subfield code="b">nc</subfield>
    <subfield code="2">rdacarrier</subfield>
  </datafield>
  <datafield tag="504" ind1=" " ind2=" ">
    <subfield code="a">Includes bibliographical references.</subfield>
  </datafield>
  <datafield tag="505" ind1="0" ind2=" ">
    <subfield code="a">El trabajo de cuidado como problema público / Jacqueline Garrido Cortés V. -- Factores que influyen en la violencia simbólica contra las mujeres en Cochabamba / Daniela Osorio Michel -- Nacidos para emigrar?: dinámicas emigratorias en Cochabamba actual / José Luis Barroso -- Situación, comportamientos y expectativas de los jóvenes en el departamento de Cochabamba / Gilda Jauregui Arispe -- Construyendo un indicador subjetivo de bienestar: el IPS-S / Daniel E. MOreno Morales, Gonzalo Vargas Villazón -- Indígenas/no indígenas: la obstinación separadora / Jean Pierre Lavaud, Jean Paul Benavides -- Participación política, una mirada comparativa de género en el departamento de Cochabamba / Olivia Román Arnez -- Escarbando ciudadanías / Carmen Beatriz Ruiz.</subfield>
  </datafield>
  <datafield tag="651" ind1=" " ind2="0">
    <subfield code="a">Cochabamba (Bolivia : Department)</subfield>
    <subfield code="x">Politics and government.</subfield>
  </datafield>
  <datafield tag="651" ind1=" " ind2="0">
    <subfield code="a">Cochabamba (Bolivia : Department)</subfield>
    <subfield code="x">Social conditions.</subfield>
  </datafield>
  <datafield tag="650" ind1=" " ind2="0">
    <subfield code="a">Citizenship</subfield>
    <subfield code="z">Bolivia</subfield>
    <subfield code="z">Cochabamba (Department)</subfield>
  </datafield>
  <datafield tag="700" ind1="1" ind2=" ">
    <subfield code="a">Vargas V., Gonzalo,</subfield>
    <subfield code="e">editor.</subfield>
  </datafield>
  <datafield tag="700" ind1="1" ind2=" ">
    <subfield code="a">Garrido Cortés, Jaqueline.</subfield>
  </datafield>
  <datafield tag="710" ind1="2" ind2=" ">
    <subfield code="a">Foro Regional (Cochabamba, Bolivia)</subfield>
  </datafield>
  <datafield tag="923" ind1=" " ind2=" ">
    <subfield code="d">20160505</subfield>
    <subfield code="n">14762B2016</subfield>
    <subfield code="s">BO-CbLA</subfield>
  </datafield>
  <datafield tag="985" ind1=" " ind2=" ">
    <subfield code="e">VENDOR LOAD</subfield>
  </datafield>
</record>