
<record>
  <leader>02537cam a22005657i 4500</leader>
  <controlfield tag="001">19183228</controlfield>
  <controlfield tag="005">20200103121208.0</controlfield>
  <controlfield tag="008">160720t20152015be ab    b    001 0 eng c</controlfield>
  <datafield tag="906" ind1=" " ind2=" ">
    <subfield code="a">7</subfield>
    <subfield code="b">cbc</subfield>
    <subfield code="c">pccadap</subfield>
    <subfield code="d">2</subfield>
    <subfield code="e">ncip</subfield>
    <subfield code="f">20</subfield>
    <subfield code="g">y-gencatlg</subfield>
  </datafield>
  <datafield tag="925" ind1="0" ind2=" ">
    <subfield code="a">acquire</subfield>
    <subfield code="b">1 shelf copy</subfield>
    <subfield code="x">policy default</subfield>
  </datafield>
  <datafield tag="955" ind1=" " ind2=" ">
    <subfield code="b">rk11 2016-07-20 z-processor</subfield>
  </datafield>
  <datafield tag="010" ind1=" " ind2=" ">
    <subfield code="a">  2016429132</subfield>
  </datafield>
  <datafield tag="020" ind1=" " ind2=" ">
    <subfield code="a">9782503550374</subfield>
  </datafield>
  <datafield tag="020" ind1=" " ind2=" ">
    <subfield code="a">2503550371</subfield>
  </datafield>
  <datafield tag="035" ind1=" " ind2=" ">
    <subfield code="a">(OCoLC)ocn854614735</subfield>
  </datafield>
  <datafield tag="040" ind1=" " ind2=" ">
    <subfield code="a">BTCTA</subfield>
    <subfield code="b">eng</subfield>
    <subfield code="e">rda</subfield>
    <subfield code="c">BTCTA</subfield>
    <subfield code="d">ERASA</subfield>
    <subfield code="d">QGK</subfield>
    <subfield code="d">JPG</subfield>
    <subfield code="d">YDXCP</subfield>
    <subfield code="d">NUI</subfield>
    <subfield code="d">OCLCF</subfield>
    <subfield code="d">JPG</subfield>
    <subfield code="d">STF</subfield>
    <subfield code="d">GBVCP</subfield>
    <subfield code="d">OCL</subfield>
    <subfield code="d">DLC</subfield>
  </datafield>
  <datafield tag="041" ind1="1" ind2=" ">
    <subfield code="a">eng</subfield>
    <subfield code="h">dut</subfield>
  </datafield>
  <datafield tag="043" ind1=" " ind2=" ">
    <subfield code="a">e-ne---</subfield>
  </datafield>
  <datafield tag="050" ind1="0" ind2="0">
    <subfield code="a">ND1319</subfield>
    <subfield code="b">.W6513 2015</subfield>
  </datafield>
  <datafield tag="100" ind1="1" ind2=" ">
    <subfield code="a">Wolters van der Wey, Beatrijs,</subfield>
    <subfield code="d">1969-</subfield>
    <subfield code="e">author.</subfield>
  </datafield>
  <datafield tag="240" ind1="1" ind2="0">
    <subfield code="a">Groepsvertoon.</subfield>
    <subfield code="l">English</subfield>
  </datafield>
  <datafield tag="245" ind1="1" ind2="0">
    <subfield code="a">Corporate splendour :</subfield>
    <subfield code="b">civic group portraits in Brabant 1585-1800 : a social, typological and iconographic approach /</subfield>
    <subfield code="c">Beatrijs Wolters van der Wey ; translated from the Dutch by Lee Preedy.</subfield>
  </datafield>
  <datafield tag="264" ind1=" " ind2="1">
    <subfield code="a">Turnhout, Belgium :</subfield>
    <subfield code="b">Brepols,</subfield>
    <subfield code="c">[2015]</subfield>
  </datafield>
  <datafield tag="264" ind1=" " ind2="4">
    <subfield code="c">©2015</subfield>
  </datafield>
  <datafield tag="300" ind1=" " ind2=" ">
    <subfield code="a">507 pages :</subfield>
    <subfield code="b">illustrations (some color), map ;</subfield>
    <subfield code="c">26 cm.</subfield>
  </datafield>
  <datafield tag="336" ind1=" " ind2=" ">
    <subfield code="a">text</subfield>
    <subfield code="b">txt</subfield>
    <subfield code="2">rdacontent</subfield>
  </datafield>
  <datafield tag="336" ind1=" " ind2=" ">
    <subfield code="a">still image</subfield>
    <subfield code="b">sti</subfield>
    <subfield code="2">rdacontent</subfield>
  </datafield>
  <datafield tag="337" ind1=" " ind2=" ">
    <subfield code="a">unmediated</subfield>
    <subfield code="b">n</subfield>
    <subfield code="2">rdamedia</subfield>
  </datafield>
  <datafield tag="338" ind1=" " ind2=" ">
    <subfield code="a">volume</subfield>
    <subfield code="b">nc</subfield>
    <subfield code="2">rdacarrier</subfield>
  </datafield>
  <datafield tag="490" ind1="1" ind2=" ">
    <subfield code="a">Pictura nova ;</subfield>
    <subfield code="v">XVIII</subfield>
  </datafield>
  <datafield tag="500" ind1=" " ind2=" ">
    <subfield code="a">&quot;Quick-check to the civic group portraits&quot; (1 folded leaf) inserted.</subfield>
  </datafield>
  <datafield tag="500" ind1=" " ind2=" ">
    <subfield code="a">Revision of the author&apos;s thesis (PhD--Katholieke Universiteit te Leuven (1970- ), 2012).</subfield>
  </datafield>
  <datafield tag="504" ind1=" " ind2=" ">
    <subfield code="a">Includes bibliographical references (pages 449-493) and index.</subfield>
  </datafield>
  <datafield tag="650" ind1=" " ind2="0">
    <subfield code="a">Portrait painting, Dutch.</subfield>
  </datafield>
  <datafield tag="650" ind1=" " ind2="0">
    <subfield code="a">Portraits, Group</subfield>
    <subfield code="z">Netherlands.</subfield>
  </datafield>
  <datafield tag="650" ind1=" " ind2="0">
    <subfield code="a">Art and society</subfield>
    <subfield code="z">Netherlands</subfield>
    <subfield code="x">History.</subfield>
  </datafield>
  <datafield tag="650" ind1=" " ind2="7">
    <subfield code="a">Art and society.</subfield>
    <subfield code="2">fast</subfield>
    <subfield code="0">(OCoLC)fst00815432</subfield>
  </datafield>
  <datafield tag="650" ind1=" " ind2="7">
    <subfield code="a">Portrait painting, Dutch.</subfield>
    <subfield code="2">fast</subfield>
    <subfield code="0">(OCoLC)fst01072201</subfield>
  </datafield>
  <datafield tag="650" ind1=" " ind2="7">
    <subfield code="a">Portraits, Group.</subfield>
    <subfield code="2">fast</subfield>
    <subfield code="0">(OCoLC)fst01072366</subfield>
  </datafield>
  <datafield tag="651" ind1=" " ind2="7">
    <subfield code="a">Netherlands.</subfield>
    <subfield code="2">fast</subfield>
    <subfield code="0">(OCoLC)fst01204034</subfield>
  </datafield>
  <datafield tag="648" ind1=" " ind2="7">
    <subfield code="a">1500-1799</subfield>
    <subfield code="2">fast</subfield>
  </datafield>
  <datafield tag="655" ind1=" " ind2="7">
    <subfield code="a">History.</subfield>
    <subfield code="2">fast</subfield>
    <subfield code="0">(OCoLC)fst01411628</subfield>
  </datafield>
  <datafield tag="650" ind1=" " ind2="7">
    <subfield code="a">Gruppenbildnis</subfield>
    <subfield code="2">gnd</subfield>
    <subfield code="0">(DE-601)105493031</subfield>
    <subfield code="0">(DE-588)4158436-3</subfield>
  </datafield>
  <datafield tag="650" ind1=" " ind2="7">
    <subfield code="a">Gruppe</subfield>
    <subfield code="2">gnd</subfield>
    <subfield code="0">(DE-601)106309234</subfield>
    <subfield code="0">(DE-588)4022378-4</subfield>
  </datafield>
  <datafield tag="650" ind1=" " ind2="7">
    <subfield code="a">Soziale Situation</subfield>
    <subfield code="2">gnd</subfield>
    <subfield code="0">(DE-601)104152044</subfield>
    <subfield code="0">(DE-588)4077575-6</subfield>
  </datafield>
  <datafield tag="650" ind1=" " ind2="7">
    <subfield code="a">Bildprogramm</subfield>
    <subfield code="2">gnd</subfield>
    <subfield code="0">(DE-601)10637687X</subfield>
    <subfield code="0">(DE-588)4006632-0</subfield>
  </datafield>
  <datafield tag="651" ind1=" " ind2="7">
    <subfield code="a">Herzogtum Brabant</subfield>
    <subfield code="2">gnd</subfield>
    <subfield code="0">(DE-601)106022849</subfield>
    <subfield code="0">(DE-588)4089892-1</subfield>
  </datafield>
  <datafield tag="700" ind1="1" ind2=" ">
    <subfield code="a">Preedy, Lee,</subfield>
    <subfield code="e">translator.</subfield>
  </datafield>
  <datafield tag="700" ind1="1" ind2=" ">
    <subfield code="a">Wolters van der Wey, Beatrijs,</subfield>
    <subfield code="d">1969-</subfield>
    <subfield code="t">Groepsvertoon.</subfield>
    <subfield code="i">Translation of:</subfield>
  </datafield>
  <datafield tag="830" ind1=" " ind2="0">
    <subfield code="a">Pictura nova (Brepols (Firm)) ;</subfield>
    <subfield code="v">18.</subfield>
  </datafield>
</record>