
<record>
  <leader>05686cam a22006377i 4500</leader>
  <controlfield tag="001">19185571</controlfield>
  <controlfield tag="005">20200103150744.0</controlfield>
  <controlfield tag="008">160721s2016    caua     bc   001 0 eng c</controlfield>
  <datafield tag="906" ind1=" " ind2=" ">
    <subfield code="a">7</subfield>
    <subfield code="b">cbc</subfield>
    <subfield code="c">pccadap</subfield>
    <subfield code="d">2</subfield>
    <subfield code="e">epcn</subfield>
    <subfield code="f">20</subfield>
    <subfield code="g">y-gencatlg</subfield>
  </datafield>
  <datafield tag="925" ind1="0" ind2=" ">
    <subfield code="a">acquire</subfield>
    <subfield code="b">1 shelf copy</subfield>
    <subfield code="x">policy default</subfield>
  </datafield>
  <datafield tag="955" ind1=" " ind2=" ">
    <subfield code="b">rk11 2018-11-08 z-processor</subfield>
    <subfield code="i">rk11 2018-11-08 to Dewey</subfield>
    <subfield code="w">xm11 2018-11-19</subfield>
  </datafield>
  <datafield tag="955" ind1=" " ind2=" ">
    <subfield code="a">pc25 2016-07-21</subfield>
    <subfield code="a">xn11 2017-07-05 1 copy rec&apos;d., to USASH</subfield>
  </datafield>
  <datafield tag="010" ind1=" " ind2=" ">
    <subfield code="a">  2016948568</subfield>
  </datafield>
  <datafield tag="020" ind1=" " ind2=" ">
    <subfield code="a">9781606065068</subfield>
    <subfield code="q">(hardback)</subfield>
  </datafield>
  <datafield tag="020" ind1=" " ind2=" ">
    <subfield code="a">1606065068</subfield>
    <subfield code="q">(hardback)</subfield>
  </datafield>
  <datafield tag="024" ind1="8" ind2=" ">
    <subfield code="a">40026863115</subfield>
  </datafield>
  <datafield tag="035" ind1=" " ind2=" ">
    <subfield code="a">(OCoLC)ocn957546043</subfield>
  </datafield>
  <datafield tag="040" ind1=" " ind2=" ">
    <subfield code="a">ERASA</subfield>
    <subfield code="b">eng</subfield>
    <subfield code="e">rda</subfield>
    <subfield code="c">ERASA</subfield>
    <subfield code="d">YDXCP</subfield>
    <subfield code="d">BTCTA</subfield>
    <subfield code="d">BDX</subfield>
    <subfield code="d">QGJ</subfield>
    <subfield code="d">JPG</subfield>
    <subfield code="d">OCLCF</subfield>
    <subfield code="d">CHVBK</subfield>
    <subfield code="d">OCLCO</subfield>
    <subfield code="d">UBY</subfield>
    <subfield code="d">NZAUC</subfield>
    <subfield code="d">OCLCO</subfield>
    <subfield code="d">OCLCA</subfield>
    <subfield code="d">VTU</subfield>
    <subfield code="d">CUY</subfield>
    <subfield code="d">CNNGC</subfield>
    <subfield code="d">DLC</subfield>
  </datafield>
  <datafield tag="041" ind1="1" ind2=" ">
    <subfield code="a">eng</subfield>
    <subfield code="h">fre</subfield>
  </datafield>
  <datafield tag="043" ind1=" " ind2=" ">
    <subfield code="a">e-fr---</subfield>
  </datafield>
  <datafield tag="050" ind1="0" ind2="0">
    <subfield code="a">NB553.B58</subfield>
    <subfield code="b">A4 2016b</subfield>
  </datafield>
  <datafield tag="082" ind1="0" ind2="0">
    <subfield code="a">730.92</subfield>
    <subfield code="2">23</subfield>
  </datafield>
  <datafield tag="245" ind1="0" ind2="0">
    <subfield code="a">Bouchardon :</subfield>
    <subfield code="b">royal artist of the Enlightenment /</subfield>
    <subfield code="c">Anne-Lise Desmas, Édouard Kopp, Guilhem Scherf, Juliette Trey.</subfield>
  </datafield>
  <datafield tag="264" ind1=" " ind2="1">
    <subfield code="a">Los Angeles :</subfield>
    <subfield code="b">The J. Paul Getty Museum,</subfield>
    <subfield code="c">[2016]</subfield>
  </datafield>
  <datafield tag="300" ind1=" " ind2=" ">
    <subfield code="a">447 pages :</subfield>
    <subfield code="b">illustrations (some color) ;</subfield>
    <subfield code="c">31 cm</subfield>
  </datafield>
  <datafield tag="336" ind1=" " ind2=" ">
    <subfield code="a">text</subfield>
    <subfield code="b">txt</subfield>
    <subfield code="2">rdacontent</subfield>
  </datafield>
  <datafield tag="336" ind1=" " ind2=" ">
    <subfield code="a">still image</subfield>
    <subfield code="b">sti</subfield>
    <subfield code="2">rdacontent</subfield>
  </datafield>
  <datafield tag="337" ind1=" " ind2=" ">
    <subfield code="a">unmediated</subfield>
    <subfield code="b">n</subfield>
    <subfield code="2">rdamedia</subfield>
  </datafield>
  <datafield tag="338" ind1=" " ind2=" ">
    <subfield code="a">volume</subfield>
    <subfield code="b">nc</subfield>
    <subfield code="2">rdacarrier</subfield>
  </datafield>
  <datafield tag="500" ind1=" " ind2=" ">
    <subfield code="a">&quot;This publication is issued on the occasion of the exhibition Bouchardon: Royal artist of the Enlightenment, on view at the J. Paul Getty Museum at the Getty Center, Los Angeles, from January 10 to April 2, 2017. The exhibition was originally presented as Edme Bouchardon (1698-1762). Une idée du beau, on view at the Musée du Louvre, Paris, from September 14 to December 5, 2016&quot;--Title page verso.</subfield>
  </datafield>
  <datafield tag="504" ind1=" " ind2=" ">
    <subfield code="a">Includes bibliographical references (pages 420-434) and indexes.</subfield>
  </datafield>
  <datafield tag="505" ind1="0" ind2=" ">
    <subfield code="a">Bouchardon and &quot;His sublime idea of the beautiful&quot; / Guilhem Scherf -- &quot;They all want to imitate him, and no one comes close&quot;: Bouchardon and the draftsmen of his time / Juliette Trey -- Edme Bouchardon in Rome / Anne-Lise Desmas -- Bouchardon&apos;s collectors / Édouard Kopp -- Catalolgue -- The portraits of Bouchardon / Juliette Trey (cat. 2-8) -- Copies after the antique and the masters in Rome / Anne-Lise Desmas and Julitte Trey (cat. 9-45) -- Original compositions made in Rome / Anne-Lise Desmas (cat. 46-58) -- &quot;Almost in a single line, without hesitation, and without correction&quot;: Bouchardon&apos;s académies / Juliette Trey (cat. 59-69) -- Portraits and head studies / Guilhem Scherf (cat. 70-88) -- Drawings for medals and tokens / Édouard Kopp (cat. 89-101) -- Book illustrations / Guilhem Scherf (cat. 102-121) -- The cries of Paris / Édouard Kopp (cat. 122) -- The Grenelle fountain / Guilhem Scherf (cat. 123-150) -- Secular compositions / Édouard Kopp (cat. 121-198) -- Religious compositions / Guilhem Scherf (cat. 199-211) -- Funerary monuments / Guilhem Scherf (cat. 212-217) -- Cupid carving a bow from  Hercules&apos;s club / Guilhem Scherf (cat. 218-230) -- The monument to Louis XV / Guilhem Scherf (cat. 231-271).</subfield>
  </datafield>
  <datafield tag="520" ind1="0" ind2=" ">
    <subfield code="a">One of the most imaginative and fascinating artists of eighteenth-century France, Edme &apos;Bouchardon&apos; (1698 1762) was instrumental in the transition from Rococo to Neoclassicism and in the artistic rediscovery of classical antiquity. Much celebrated in his time, &apos;Bouchardon&apos; created some of the most iconic images of the age of Louis XV. His oeuvre demonstrates a remarkable variety of themes (from copies after the antique to subjects of history and mythology, portraiture, anatomical studies, ornament, fountains and tombs), media (drawings, sculptures, medals, prints), and techniques (chalk, plaster, wax, terracotta, marble, bronze). With five essays by experts on Bouchardon&apos;s sculpture and graphic arts, more than 140 catalogue entries, and a detailed chronology, this book aims to demonstrate the originality of Bouchardon&apos;s art within the cultural and social context of the period, while suggesting the subtle relationship between, as well as the relative autonomy of, the artist s two careers as a sculptor and a draftsman. This lavishly illustrated publication represents an unprecedented and thorough survey on this major and unique artist from the Age of Enlightenment, offering indepth scholarship based on unpublished material.</subfield>
  </datafield>
  <datafield tag="600" ind1="1" ind2="0">
    <subfield code="a">Bouchardon, Edme,</subfield>
    <subfield code="d">1698-1762</subfield>
    <subfield code="v">Exhibitions.</subfield>
  </datafield>
  <datafield tag="610" ind1="2" ind2="0">
    <subfield code="a">Académie royale de peinture et de sculpture (France)</subfield>
    <subfield code="v">Exhibitions.</subfield>
  </datafield>
  <datafield tag="650" ind1=" " ind2="0">
    <subfield code="a">Artists&apos; preparatory studies</subfield>
    <subfield code="z">France</subfield>
    <subfield code="z">Paris</subfield>
    <subfield code="v">Exhibitions.</subfield>
  </datafield>
  <datafield tag="650" ind1=" " ind2="0">
    <subfield code="a">Classicism in art</subfield>
    <subfield code="v">Exhibitions.</subfield>
  </datafield>
  <datafield tag="600" ind1="1" ind2="6">
    <subfield code="a">Bouchardon, Edme,</subfield>
    <subfield code="d">1698-1762</subfield>
    <subfield code="v">Expositions.</subfield>
  </datafield>
  <datafield tag="610" ind1="2" ind2="6">
    <subfield code="a">Académie royale de peinture et de sculpture (France)</subfield>
    <subfield code="v">Expositions.</subfield>
  </datafield>
  <datafield tag="650" ind1=" " ind2="6">
    <subfield code="a">Esquisses (Art)</subfield>
    <subfield code="z">France</subfield>
    <subfield code="z">Paris</subfield>
    <subfield code="v">Expositions.</subfield>
  </datafield>
  <datafield tag="650" ind1=" " ind2="6">
    <subfield code="a">Classicisme dans l&apos;art</subfield>
    <subfield code="v">Expositions.</subfield>
  </datafield>
  <datafield tag="600" ind1="1" ind2="7">
    <subfield code="a">Bouchardon, Edme,</subfield>
    <subfield code="d">1698-1762.</subfield>
    <subfield code="2">fast</subfield>
    <subfield code="0">(OCoLC)fst00440442</subfield>
  </datafield>
  <datafield tag="610" ind1="2" ind2="7">
    <subfield code="a">Académie royale de peinture et de sculpture (France)</subfield>
    <subfield code="2">fast</subfield>
    <subfield code="0">(OCoLC)fst00578380</subfield>
  </datafield>
  <datafield tag="650" ind1=" " ind2="7">
    <subfield code="a">Artists&apos; preparatory studies.</subfield>
    <subfield code="2">fast</subfield>
    <subfield code="0">(OCoLC)fst00817689</subfield>
  </datafield>
  <datafield tag="650" ind1=" " ind2="7">
    <subfield code="a">Classicism in art.</subfield>
    <subfield code="2">fast</subfield>
    <subfield code="0">(OCoLC)fst00863562</subfield>
  </datafield>
  <datafield tag="651" ind1=" " ind2="7">
    <subfield code="a">France</subfield>
    <subfield code="z">Paris.</subfield>
    <subfield code="2">fast</subfield>
    <subfield code="0">(OCoLC)fst01205283</subfield>
  </datafield>
  <datafield tag="655" ind1=" " ind2="7">
    <subfield code="a">Exhibition catalogs.</subfield>
    <subfield code="2">fast</subfield>
    <subfield code="0">(OCoLC)fst01424028</subfield>
  </datafield>
  <datafield tag="600" ind1="1" ind2="7">
    <subfield code="a">Bouchardon, Edme</subfield>
    <subfield code="d">1698-1762</subfield>
    <subfield code="2">gnd</subfield>
  </datafield>
  <datafield tag="655" ind1=" " ind2="7">
    <subfield code="a">Exhibition catalogs.</subfield>
    <subfield code="2">lcgft</subfield>
  </datafield>
  <datafield tag="700" ind1="1" ind2=" ">
    <subfield code="a">Desmas, Anne-Lise,</subfield>
    <subfield code="e">contributor.</subfield>
  </datafield>
  <datafield tag="700" ind1="1" ind2=" ">
    <subfield code="a">Kopp, Édouard,</subfield>
    <subfield code="d">1974-</subfield>
    <subfield code="e">contributor.</subfield>
  </datafield>
  <datafield tag="700" ind1="1" ind2=" ">
    <subfield code="a">Scherf, Guilhem,</subfield>
    <subfield code="e">contributor.</subfield>
  </datafield>
  <datafield tag="700" ind1="1" ind2=" ">
    <subfield code="a">Trey, Juliette,</subfield>
    <subfield code="e">contributor.</subfield>
  </datafield>
  <datafield tag="700" ind1="1" ind2="2">
    <subfield code="a">Bouchardon, Edme,</subfield>
    <subfield code="d">1698-1762.</subfield>
    <subfield code="t">Works.</subfield>
    <subfield code="k">Selections.</subfield>
  </datafield>
  <datafield tag="710" ind1="2" ind2=" ">
    <subfield code="a">J. Paul Getty Museum,</subfield>
    <subfield code="e">host institution,</subfield>
    <subfield code="e">issuing body.</subfield>
  </datafield>
  <datafield tag="710" ind1="2" ind2=" ">
    <subfield code="a">Musée du Louvre,</subfield>
    <subfield code="e">host institution.</subfield>
  </datafield>
</record>