
<record>
  <leader>01792cam a22003497i 4500</leader>
  <controlfield tag="001">19186847</controlfield>
  <controlfield tag="005">20200103150745.0</controlfield>
  <controlfield tag="008">160722s2016    ko            000 0 kor  </controlfield>
  <datafield tag="906" ind1=" " ind2=" ">
    <subfield code="a">7</subfield>
    <subfield code="b">cbc</subfield>
    <subfield code="c">orignew</subfield>
    <subfield code="d">4</subfield>
    <subfield code="e">ncip</subfield>
    <subfield code="f">20</subfield>
    <subfield code="g">y-nonroman</subfield>
  </datafield>
  <datafield tag="925" ind1="0" ind2=" ">
    <subfield code="a">acquire</subfield>
    <subfield code="b">1 shelf copy</subfield>
    <subfield code="x">SL 2016-05-23</subfield>
  </datafield>
  <datafield tag="955" ind1=" " ind2=" ">
    <subfield code="b">cf21 2016-08-16</subfield>
    <subfield code="h">cf07 2017-03-13 to Asian</subfield>
    <subfield code="a">2017-04-14 received in Asian Div.</subfield>
  </datafield>
  <datafield tag="010" ind1=" " ind2=" ">
    <subfield code="a">  2016458386</subfield>
  </datafield>
  <datafield tag="040" ind1=" " ind2=" ">
    <subfield code="a">DLC</subfield>
    <subfield code="b">eng</subfield>
    <subfield code="c">DLC</subfield>
    <subfield code="e">rda</subfield>
  </datafield>
  <datafield tag="050" ind1="0" ind2="0">
    <subfield code="a">MLCSK 2016/00048 (H)</subfield>
  </datafield>
  <datafield tag="066" ind1=" " ind2=" ">
    <subfield code="c">$1</subfield>
  </datafield>
  <datafield tag="245" ind1="0" ind2="0">
    <subfield code="6">880-01</subfield>
    <subfield code="a">2016-2017 haeoe chŏnsihoe Han&apos;gukkwan chiwŏn chŏnsihoe tirekt&apos;ori /</subfield>
    <subfield code="c">p&apos;yŏnjibin Haeoe Chŏnsit&apos;im.</subfield>
  </datafield>
  <datafield tag="880" ind1="0" ind2="0">
    <subfield code="6">245-01/$1</subfield>
    <subfield code="a">2016-2017 해외 전시회 한국관 지원 전시회 디렉토리 /</subfield>
    <subfield code="c">편집인 해외 전시팀.</subfield>
  </datafield>
  <datafield tag="246" ind1="1" ind2="8">
    <subfield code="6">880-02</subfield>
    <subfield code="a">2016-2017 haeoe chŏnsihoe Han&apos;gukkwan tirekt&apos;ori</subfield>
  </datafield>
  <datafield tag="880" ind1="1" ind2="8">
    <subfield code="6">246-02/$1</subfield>
    <subfield code="a">2016-2017 해외 전시회 한국관 디렉토리</subfield>
  </datafield>
  <datafield tag="246" ind1="1" ind2=" ">
    <subfield code="6">880-03</subfield>
    <subfield code="i">Colophon title:</subfield>
    <subfield code="a">2016-2017 haeoe chŏnsihoe Han&apos;gukkwan chiwŏn chŏnsihoe lisŭt&apos;ŭ</subfield>
  </datafield>
  <datafield tag="880" ind1="1" ind2=" ">
    <subfield code="6">246-03/$1</subfield>
    <subfield code="i">Colophon title:</subfield>
    <subfield code="a">2016-2017 해외 전시회 한국관 지원 전시회 리스트</subfield>
  </datafield>
  <datafield tag="264" ind1=" " ind2="1">
    <subfield code="6">880-04</subfield>
    <subfield code="a">Sŏul-si :</subfield>
    <subfield code="b">Kotra,</subfield>
    <subfield code="c">2016.</subfield>
  </datafield>
  <datafield tag="880" ind1=" " ind2="1">
    <subfield code="6">264-04/$1</subfield>
    <subfield code="a">서울시 :</subfield>
    <subfield code="b">Kotra,</subfield>
    <subfield code="c">2016.</subfield>
  </datafield>
  <datafield tag="300" ind1=" " ind2=" ">
    <subfield code="a">184 pages ;</subfield>
    <subfield code="c">22 cm</subfield>
  </datafield>
  <datafield tag="336" ind1=" " ind2=" ">
    <subfield code="a">text</subfield>
    <subfield code="2">rdacontent</subfield>
  </datafield>
  <datafield tag="337" ind1=" " ind2=" ">
    <subfield code="a">unmediated</subfield>
    <subfield code="2">rdamedia</subfield>
  </datafield>
  <datafield tag="338" ind1=" " ind2=" ">
    <subfield code="a">volume</subfield>
    <subfield code="2">rdacarrier</subfield>
  </datafield>
  <datafield tag="500" ind1=" " ind2=" ">
    <subfield code="a">&quot;Contents: 2016/2017 tanch&apos;e ch&apos;amga haeoe chŏnsihoe annae -- Han&apos;gukkwan ch&apos;amga sinch&apos;ŏng pangbŏp mit chiwŏn sahang -- Haeoe chŏnsihoe kaebyŏl ch&apos;amga chiwŏn chedo annae.&quot;</subfield>
  </datafield>
  <datafield tag="710" ind1="2" ind2=" ">
    <subfield code="6">880-05</subfield>
    <subfield code="a">Taehan Muyŏk T&apos;uja Chinhŭng Kongsa.</subfield>
    <subfield code="b">Haeoe Chŏnsit&apos;im,</subfield>
    <subfield code="e">editor.</subfield>
  </datafield>
  <datafield tag="880" ind1="2" ind2=" ">
    <subfield code="6">710-05/$1</subfield>
    <subfield code="a">대한 무역 투자 진흥 공사.</subfield>
    <subfield code="b">해외 전시팀,</subfield>
    <subfield code="e">editor.</subfield>
  </datafield>
  <datafield tag="923" ind1=" " ind2=" ">
    <subfield code="d">20160602</subfield>
    <subfield code="n">160602</subfield>
    <subfield code="s">Eulyoo</subfield>
  </datafield>
  <datafield tag="952" ind1=" " ind2=" ">
    <subfield code="a">Eulyoo order data</subfield>
  </datafield>
</record>