
<record>
  <leader>05763cam a22004697i 4500</leader>
  <controlfield tag="001">19188556</controlfield>
  <controlfield tag="005">20200103121210.0</controlfield>
  <controlfield tag="008">160723t20152015be a     b    101 0 eng c</controlfield>
  <datafield tag="906" ind1=" " ind2=" ">
    <subfield code="a">7</subfield>
    <subfield code="b">cbc</subfield>
    <subfield code="c">pccadap</subfield>
    <subfield code="d">2</subfield>
    <subfield code="e">ncip</subfield>
    <subfield code="f">20</subfield>
    <subfield code="g">y-gencatlg</subfield>
  </datafield>
  <datafield tag="925" ind1="0" ind2=" ">
    <subfield code="a">acquire</subfield>
    <subfield code="b">1 shelf copy</subfield>
    <subfield code="x">policy default</subfield>
  </datafield>
  <datafield tag="955" ind1=" " ind2=" ">
    <subfield code="b">rk15 2016-07-23 z-processor</subfield>
    <subfield code="i">rk07 2016-07-29 to CALM</subfield>
  </datafield>
  <datafield tag="010" ind1=" " ind2=" ">
    <subfield code="a">  2016429317</subfield>
  </datafield>
  <datafield tag="020" ind1=" " ind2=" ">
    <subfield code="a">9782503549224</subfield>
  </datafield>
  <datafield tag="020" ind1=" " ind2=" ">
    <subfield code="a">2503549225</subfield>
  </datafield>
  <datafield tag="035" ind1=" " ind2=" ">
    <subfield code="a">(OCoLC)ocn907631802</subfield>
  </datafield>
  <datafield tag="040" ind1=" " ind2=" ">
    <subfield code="a">ERASA</subfield>
    <subfield code="b">eng</subfield>
    <subfield code="c">ERASA</subfield>
    <subfield code="e">rda</subfield>
    <subfield code="d">BTCTA</subfield>
    <subfield code="d">YDXCP</subfield>
    <subfield code="d">YPM</subfield>
    <subfield code="d">LGG</subfield>
    <subfield code="d">OCLCO</subfield>
    <subfield code="d">OHX</subfield>
    <subfield code="d">LGG</subfield>
    <subfield code="d">OCLCO</subfield>
    <subfield code="d">CDX</subfield>
    <subfield code="d">UAB</subfield>
    <subfield code="d">OCLCO</subfield>
    <subfield code="d">UAB</subfield>
    <subfield code="d">NGU</subfield>
    <subfield code="d">UBY</subfield>
    <subfield code="d">OCLCO</subfield>
    <subfield code="d">S3O</subfield>
    <subfield code="d">OCLCO</subfield>
    <subfield code="d">DLC</subfield>
  </datafield>
  <datafield tag="043" ind1=" " ind2=" ">
    <subfield code="a">e------</subfield>
  </datafield>
  <datafield tag="050" ind1="0" ind2="0">
    <subfield code="a">BX4210.5</subfield>
    <subfield code="b">.N86 2015</subfield>
  </datafield>
  <datafield tag="245" ind1="0" ind2="0">
    <subfield code="a">Nuns&apos; literacies in medieval Europe :</subfield>
    <subfield code="b">the Kansas City dialogue /</subfield>
    <subfield code="c">edited by Virginia Blanton, Veronica O&apos;Mara, and Patricia Stoop.</subfield>
  </datafield>
  <datafield tag="246" ind1="3" ind2=" ">
    <subfield code="a">Kansas City dialogue</subfield>
  </datafield>
  <datafield tag="264" ind1=" " ind2="1">
    <subfield code="a">Turnhout :</subfield>
    <subfield code="b">Brepols,</subfield>
    <subfield code="c">[2015]</subfield>
  </datafield>
  <datafield tag="264" ind1=" " ind2="4">
    <subfield code="c">©2015</subfield>
  </datafield>
  <datafield tag="300" ind1=" " ind2=" ">
    <subfield code="a">xlv, 413 pages :</subfield>
    <subfield code="b">illustrations (some color) ;</subfield>
    <subfield code="c">24 cm.</subfield>
  </datafield>
  <datafield tag="336" ind1=" " ind2=" ">
    <subfield code="a">text</subfield>
    <subfield code="b">txt</subfield>
    <subfield code="2">rdacontent</subfield>
  </datafield>
  <datafield tag="337" ind1=" " ind2=" ">
    <subfield code="a">unmediated</subfield>
    <subfield code="b">n</subfield>
    <subfield code="2">rdamedia</subfield>
  </datafield>
  <datafield tag="338" ind1=" " ind2=" ">
    <subfield code="a">volume</subfield>
    <subfield code="b">nc</subfield>
    <subfield code="2">rdacarrier</subfield>
  </datafield>
  <datafield tag="490" ind1="1" ind2=" ">
    <subfield code="a">Medieval women: texts and contexts (MWTC)</subfield>
    <subfield code="v">27</subfield>
  </datafield>
  <datafield tag="500" ind1=" " ind2=" ">
    <subfield code="a">Based on a conference held at the University of Missouri-Kansas City, June 5-8, 2012.</subfield>
  </datafield>
  <datafield tag="504" ind1=" " ind2=" ">
    <subfield code="a">Includes bibliographical references (pages 341-387) and indexes.</subfield>
  </datafield>
  <datafield tag="520" ind1=" " ind2=" ">
    <subfield code="a">&quot;This present volume is the second in an integrated series of three and focused on the literacies of nuns in medieval Europe, brings together specialists working on diverse geographical areas to create a dialogue about the Latin and vernacular texts nuns read, wrote, and exchanged from the eighth to the mid-sixteenth centuries. The present volume is the second in a series of three integrated publications, the first produced in 2013 as &apos;Nuns&apos; Literacies in Medieval Europe: The Hull Dialogue&apos;. Like that volume, this collection of essays, focused on various aspects of nuns&apos; literacies from the late seventh to the mid-sixteenth century, brings together the work of specialists to create a dialogue about the Latin and vernacular texts that were read, written, and exchanged by medieval nuns. It investigates literacy from palaeographical and textual perspectives, evidence of book ownership and exchange, and other more external evidence, both literary and historical. To highlight the benefits of cross-cultural comparison, contributions include case studies focused on northern and southern Europe, as well as the extreme north and west of the region. A number of essays illustrate nuns&apos; active engagement with formal education, and with varied textual forms, such as the legal and epistolary, while others convey the different opportunities for studying examples of nuns&apos; artistic literacy. The various discussions included here build collectively on the first volume to demonstrate the comparative experiences of medieval female religious who were reading, writing, teaching, composing, and illustrating at different times and in diverse geographical areas throughout medieval Europe&quot;--P. [4] of cover.</subfield>
  </datafield>
  <datafield tag="505" ind1="0" ind2="0">
    <subfield code="t">Leoba and the iconography of learning in the lives of Anglo-Saxon women religious, 600-780 /</subfield>
    <subfield code="r">Virginia Blanton and Helene Scheck --</subfield>
    <subfield code="t">Collaborative literacy and the spiritual education of nuns at Helfta /</subfield>
    <subfield code="r">Ulrike Wiethaus --</subfield>
    <subfield code="t">From reading to writing: the multiple levels of literacy of the sister scribes in the Brussels Convent of Jericho /</subfield>
    <subfield code="r">Patricia Stoop --</subfield>
    <subfield code="t">Her book-lined cell: Irish nuns and the development of texts, translation, and literacy in late medieval Spain /</subfield>
    <subfield code="r">Andrea Knox --</subfield>
    <subfield code="t">Literacy in Neapolitan women&apos;s convents: an example of female handwriting in a late fifteenth-century accounts ledger /</subfield>
    <subfield code="r">Antonella Ambrosio --</subfield>
    <subfield code="t">Step by step: the process of writing a manuscript in the female convent of Vadstena /</subfield>
    <subfield code="r">Nils Dverstorp --</subfield>
    <subfield code="t">Nuns and writing in late medieval England: the quest continues /</subfield>
    <subfield code="r">Veronica O&apos;Mara --</subfield>
    <subfield code="t">Implications for female monastic literacy in the reliefs from St. Liudger&apos;s at Werden /</subfield>
    <subfield code="r">Karen Blough --</subfield>
    <subfield code="t">The visual vernacular: the construction of communal literacy at the convent of Santa Maria in Pontetetto (Lucca) /</subfield>
    <subfield code="r">Loretta Vandi --</subfield>
    <subfield code="t">Outside the mainstream: women as readers, scribes, and Illustrators of books in convents of the German-speaking regions /</subfield>
    <subfield code="r">Anne Winston-Allen --</subfield>
    <subfield code="t">Líadain&apos;s Lament, Darerca&apos;s Life, and Íte&apos;s Ísucán: evidence for nuns&apos; literacies in early Ireland /</subfield>
    <subfield code="r">Maeve Callan --</subfield>
    <subfield code="t">What Icelandic nuns read: the Convent of Reynistaður and the literary milieu in fourteenth-century Iceland /</subfield>
    <subfield code="r">Svanhildur Óskarsdóttir --</subfield>
    <subfield code="t">Daily life, Amor Dei, and politics in the letters of the Benedictine nuns of Lüne in the fifteenth and sixteenth centuries /</subfield>
    <subfield code="r">Eva Schlotheueber --</subfield>
    <subfield code="t">A web of texts: sixteenth-century mystical culture and the Arnhem Sint-Agnes Convent /</subfield>
    <subfield code="r">Kees Schepers --</subfield>
    <subfield code="t">Courtly habits: monastic women&apos;s legal literacy in early Anglo-Saxon England /</subfield>
    <subfield code="r">Andrew Rabin --</subfield>
    <subfield code="t">Making their mark: the spectrum of literacy among Godstow&apos;s nuns, 1400-1550 /</subfield>
    <subfield code="r">Emile Amt --</subfield>
    <subfield code="t">The personal and the political: Ana de San Bartolomé&apos;s version of the Discalced Carmelite reform /</subfield>
    <subfield code="r">Darcy Donahue.</subfield>
  </datafield>
  <datafield tag="650" ind1=" " ind2="0">
    <subfield code="a">Nuns</subfield>
    <subfield code="x">Books and reading</subfield>
    <subfield code="z">Europe</subfield>
    <subfield code="x">History</subfield>
    <subfield code="y">To 1500.</subfield>
  </datafield>
  <datafield tag="650" ind1=" " ind2="0">
    <subfield code="a">Monastic and religious life of women</subfield>
    <subfield code="x">History</subfield>
    <subfield code="y">Middle Ages, 600-1500.</subfield>
  </datafield>
  <datafield tag="650" ind1=" " ind2="0">
    <subfield code="a">Nuns as authors</subfield>
    <subfield code="z">Europe</subfield>
    <subfield code="x">History</subfield>
    <subfield code="y">To 1500.</subfield>
  </datafield>
  <datafield tag="650" ind1=" " ind2="0">
    <subfield code="a">Nuns&apos; writings</subfield>
    <subfield code="x">History and criticism.</subfield>
  </datafield>
  <datafield tag="650" ind1=" " ind2="0">
    <subfield code="a">Christian literature, Latin (Medieval and modern)</subfield>
    <subfield code="z">Europe</subfield>
    <subfield code="x">History and criticism.</subfield>
  </datafield>
  <datafield tag="650" ind1=" " ind2="0">
    <subfield code="a">Literacy</subfield>
    <subfield code="x">Religious aspects</subfield>
    <subfield code="x">Christianity.</subfield>
  </datafield>
  <datafield tag="651" ind1=" " ind2="4">
    <subfield code="a">Europa.</subfield>
  </datafield>
  <datafield tag="700" ind1="1" ind2=" ">
    <subfield code="a">Blanton, Virginia,</subfield>
    <subfield code="e">editor.</subfield>
  </datafield>
  <datafield tag="700" ind1="1" ind2=" ">
    <subfield code="a">Stoop, Patricia,</subfield>
    <subfield code="d">1974-</subfield>
    <subfield code="e">editor.</subfield>
  </datafield>
  <datafield tag="700" ind1="1" ind2=" ">
    <subfield code="a">O&apos;Mara, V. M.</subfield>
    <subfield code="q">(Veronica M.),</subfield>
    <subfield code="e">editor.</subfield>
  </datafield>
  <datafield tag="830" ind1=" " ind2="0">
    <subfield code="a">Medieval women--texts and contexts ;</subfield>
    <subfield code="v">27.</subfield>
  </datafield>
</record>